2817 4684
252 300 307 368 354
706 309 838 364 NOTES.

250 419 359 476 thedtre
373 420 449 479 avait
465 419 537 478 trois
550 424 647 500 etages
663 425 750 479 ornes
764 421 799 479 de
820 419 892 480 trois
915 431 980 478 cent
995 420 1127 488 soixante
1142 419 1291 479 colonnrs.
1390 433 1391 440 ’

249 517 292 576 Le
303 516 427 591 premier
439 522 520 600 drage
533 517 603 577 etait
612 530 678 581 tout
689 517 724 577 de
734 517 861 588 rnarbre3
873 518 900 576 le
911 517 1057 578 deuxieme
1068 562 1076 591 ,
1089 530 1157 578 tout
1166 519 1295 576 inrrnste

250 614 287 674 de
305 636 388 678 verre
408 637 444 676 en
464 623 632 696 mosa'ique,
656 628 811 676 ornement
829 618 1004 697 jusqu⁷alors
1023 617 1174 691 inconnu,
1195 617 1294 697 etqui

248 714 294 772 n'a
308 713 405 795 jamnis
420 718 466 775 dte
480 713 561 775 irrite
576 715 677 790 depuis
691 737 698 784 ;
717 715 743 774 le
757 714 903 774 troisieme
916 715 985 774 etait
1001 715 1036 774 de
1051 715 1116 774 bois
1136 715 1218 775 dore.
1236 713 1295 774 Les
1390 705 1391 796 ff

248 813 389 873 eolnnues
401 815 439 873 dn
450 813 575 889 premier
588 820 670 892 etage
681 813 795 873 avaient
810 814 989 873 trente-huit
1005 813 1086 890 pieds
1099 813 1135 874 de
1149 815 1291 882 baratrum
1390 817 1391 822 ’

248 911 321 970 trois
333 910 412 972 mille
428 925 534 971 statues
548 911 583 972 de
599 894 722 986 bronze,
736 911 846 987 piacees
861 913 997 971 entre'les
1012 912 1126 988 piliers,
1140 913 1295 972 rendaient
1390 969 1391 998 ᾧ

247 1030 279 1069 ee
294 1011 403 1071 thc'dtre
419 1013 446 1071 ie
463 1012 527 1087 pins
546 1011 634 1071 noble
653 1017 682 1070 et
700 1010 728 1069 le
750 1008 814 1086 plus
835 995 1014 1086 somptueur
1030 1023 1087 1091 qu'e
1101 1011 1164 1071 l'on
1184 1013 1223 1070 ait
1241 1013 1291 1092 ja·

246 1109 316 1169 nais
334 1133 381 1168 vu.

288 1209 388 1282 Quant
402 1211 417 1266 a
430 1206 573 1267 l'itistoire
587 1210 726 1288 rarenter
739 1227 790 1284 par
803 1205 1001 1266 Trimalchion
1013 1226 1047 1266 au
1064 1211 1138 1290 sajet
1150 1208 1191 1267 dn
1206 1229 1292 1266 verre
1390 1263 1391 1266 ,

246 1304 411 1385 maildubie,
442 1305 497 1364 eiie
518 1327 553 1366 ne
577 1303 681 1366 merite
704 1327 815 1365 aucune
838 1327 988 1388 croyanee.
1014 1305 1120 1365 C'etait
1141 1329 1181 1365 nn
1203 1317 1291 1365 conte

246 1402 309 1481 deli
324 1407 373 1462 use
389 1402 456 1463 cher
471 1403 513 1463 les
527 1403 660 1477 auriens,
676 1409 707 1464 et'
720 1405 793 1464 dont
813 1403 855 1463 les
875 1405 1005 1463 hommes
1026 1405 1158 1464 instruits
1173 1425 1203 1463 se
1217 1425 1291 1462 nro-

246 1501 372 1580 qnaient.
396 1503 565 1577 Cependant
583 1503 603 1560 it
619 1504 713 1579 paruit
728 1503 851 1582 qu’ony
873 1503 983 1584 croyait
1006 1525 1113 1563 encore
1135 1504 1173 1562 du
1196 1515 1290 1579 temps
1390 1529 1391 1532 ¹

246 1598 282 1658 de
299 1599 381 1658 Pline
398 1599 554 1674 t’Aneien‚
578 1601 628 1681 qui
645 1600 726 1677 place
749 1612 825 1660 cette
839 1601 987 1661 invention
1009 1623 1077 1660 sons
1096 1601 1125 1660 le
1143 1605 1232 1682 regne
1252 1599 1290 1660 de
1390 1651 1391 1656 ,

244 1697 359 1756 Tibere.
377 1698 405 1755 V
403 1721 469 1772 oyea
486 1698 560 1758 livre
579 1713 704 1772 xxxvl,
723 1698 852 1774 chapitre
869 1695 926 1771 26,
948 1703 987 1758 οὺ
999 1698 1020 1757 it
1038 1720 1137 1759 assure
1151 1700 1240 1778 qu'on
1257 1721 1290 1758 se

245 1807 385 1856 contenta
400 1796 435 1854 de
454 1796 553 1856 ruiner
569 1797 595 1854 ia
618 1795 760 1876 boutique
782 1807 811 1854 et
827 1796 868 1855 les
890 1796 1064 1856 instrumens
1086 1799 1121 1856 de
1139 1794 1289 1857 t'ouvrier.

208 1905 212 1914 “
244 1893 378 1952 D’auttes
389 1903 518 1969 auteurs,
532 1913 644 1955 nomme
653 1893 750 1967 Dion,
767 1893 839 1954 livre
851 1911 936 1967 nvn,
952 1907 981 1954 et
993 1895 1116 1968 Isidore,
1131 1895 1202 1955 livre
1214 1913 1286 1969 xvr,

245 1991 374 2066 chapitre
392 1990 448 2065 15,
466 1992 637 2067 pretendent
652 1993 744 2071 qu’ou
760 1992 793 2050 fir
808 1992 919 2050 monrir
935 1993 1118 2054 t’inventeur.

287 2092 372 2149 Nous
382 2112 484 2164 avons,
495 2091 565 2150 dans
575 2103 661 2150 notre
671 2102 758 2160 texte,
769 2095 905 2166 rapporte
916 2103 991 2150 nette
1000 2092 1164 2152 historiette
1176 2111 1288 2152 contine

245 2211 287 2249 on·
299 2191 326 2248 ia
341 2190 377 2248 tir
391 2189 460 2248 dans
473 2190 501 2250 ie
517 2190 671 2249 manuscrit
687 2190 723 2248 de
739 2181 837 2260 Tran,
853 2191 984 2265 imprime
1003 2214 1078 2266 pour
1097 2193 1124 2252 la
1145 2195 1288 2269 premiere

243 2288 299 2348 iuis
309 2292 324 2346 d
334 2288 452 2347 Padone
462 2309 499 2347 en
512 2285 608 2362 :6645
620 2287 691 2346 nanis
701 2305 777 2346 nous
790 2309 915 2369 croyons
927 2289 1029 2349 devoir
1039 2292 1152 2371 joindre
1162 2293 1198 2352 ici
1211 2306 1289 2352 cette

243 2389 337 2446 nieme
351 2385 493 2460 histoire,
509 2407 580 2447 avec
593 2385 661 2461 pins
671 2385 708 2444 de
722 2386 841 2459 de‘taiis,
859 2385 927 2446 tette
940 2410 995 2466 que
1011 2389 1037 2448 la
1051 2389 1149 2450 donne
1164 2394 1236 2450 Jean
1251 2393 1288 2452 de

244 2484 404 2568 Sarishe'ry,
419 2488 447 2543 in
459 2485 636 2557 Polyaeno,
653 2484 724 2544 iirre
735 2500 781 2556 tv,
797 2484 923 2560 chapitre
938 2485 966 2544 5.
984 2489 1068 2546 Nous
1082 2501 1287 2564 ernprnntons,

244 2601 321 2659 pour
336 2604 370 2642 ce
391 2582 553 2665 fragment,
570 2582 596 2640 ta
616 2582 732 2642 version
748 2581 783 2640 de
800 2583 840 2640 M.
856 2583 995 2655 Duraud,
1015 2584 1070 2644 afin
1091 2587 1128 2644 de
1143 2587 1258 2646 donner
1273 2592 1289 2646 ὲ

165 2749 168 2758 1
244 2700 299 2740 nos
310 2681 434 2740 leetenrs
445 2704 487 2740 un
497 2681 642 2758 specimen
653 2679 689 2739 de
701 2695 730 2738 sa
743 2679 866 2738 maniere
877 2680 913 2738 de
925 2681 1049 2740 traduire
1060 2685 1198 2756 Petrone,
1210 2703 1289 2744 assez

244 2780 376 2861 elegante
390 2781 557 2855 peut-etro,
574 2778 645 2838 tuais
659 2775 794 2850 infidele,
810 2777 921 2853 prolixe
936 2791 965 2838 et
979 2779 1189 2856 paraphrasee:

277 2959 362 3011 Faber
378 2959 430 3010 fuit
449 2957 495 3027 qui
514 2957 598 3008 vitrea
613 2973 672 3006 vasa
689 2955 751 3006 iecit
816 2951 857 3026 Uu
872 2958 960 3006 artiste
972 2970 1015 3007 ent
1033 2959 1156 3010 autrefois
1168 2960 1191 3009 le
1204 2975 1290 3012 secret

245 3040 392 3091 tenacitatis
400 3036 749 3104 tantae,utnunmagisquan1
783 3031 815 3084 de
829 3033 927 3086 donner
946 3053 977 3085 an
996 3056 1070 3088 verre
1087 3039 1111 3088 ta
1126 3041 1287 3091 consistance

244 3124 320 3166 aurea
349 3127 395 3166 ant
418 3127 537 3182 argentea
560 3113 747 3181 frangerentur.
782 3113 815 3164 de
829 3115 879 3165 l'or
894 3127 920 3164 et
938 3117 970 3166 de
988 3115 1104 3186 Pergent.
1127 3117 1170 3170 Un
1185 3119 1245 3186 jour
1266 3121 1287 3170 ii
1390 3165 1391 3176 ,

243 3194 334 3264 Quurn
351 3211 413 3262 ergo
427 3191 541 3260 phiatam
555 3189 709 3258 hujusmodi*
717 3189 749 3242 de
782 3188 879 3242 uehere
891 3209 924 3240 nn
935 3207 995 3242 vase
1007 3192 1040 3242 de
1050 3207 1119 3246 cette
1130 3197 1249 3256 metiente,
1261 3210 1287 3248 et

243 3276 314 3326 vitro
331 3274 484 3341 purissimo,
495 3285 522 3322 et
533 3271 589 3322 eolo
600 3283 629 3320 nt
639 3269 750 3336 putebat
782 3269 806 3320 le
818 3281 926 3330 trouve,
938 3287 969 3320 en
981 3284 1080 3322 sortant
1092 3273 1123 3322 de
1137 3291 1177 3324 ses
1188 3275 1285 3334 unains,

225 3356 228 3361 “
243 3352 349 3422 dignam
360 3349 479 3409 cesare,
498 3347 671 3412 fabricasset3
690 3365 749 3396 cunr
781 3347 803 3395 si
817 3343 927 3397 brittani
942 3360 968 3396 et
983 3348 1003 3397 si
1019 3367 1083 3416 pur,
1102 3349 1165 3416 qu'il
1181 3350 1204 3399 le
1217 3353 1285 3401 croit

244 3449 349 3482 munere
361 3446 407 3480 suo
419 3468 426 3490 ,
440 3425 567 3479 Cresarenr
578 3425 683 3485 adiens,
703 3427 749 3476 nd·
781 3421 858 3491 digne
867 3421 900 3473 de
910 3421 1059 3490 l'enrpereur
1068 3423 1159 3492 seul.li
1170 3444 1204 3476 ve
1215 3425 1238 3476 le
1249 3428 1284 3477 lui

243 3512 336 3560 missua
347 3523 395 3561 est.
408 3507 522 3560 Laudato
534 3517 573 3557 est
584 3505 681 3572 species
692 3520 749 3554 nru-
782 3501 867 3552 offrir.
882 3501 960 3555 cesar
975 3519 1005 3552 en
1017 3503 1068 3554 fair
1082 3503 1187 3572 t'dtoge,
1202 3521 1284 3558 avone

243 3585 327 3649 neris,
341 3584 517 3638 commendata
530 3593 619 3633 manns
629 3581 748 3645 artificis,
781 3597 831 3648 qun
842 3581 905 3630 n'ast
915 3597 948 3628 un
960 3577 1159 3647 rhei-d'oenvre,
1169 3595 1196 3632 er
1207 3583 1232 3632 ie
1244 3602 1284 3634 re-

244 3677 377 3732 acceptata
387 3661 494 3715 devotio
505 3659 636 3710 donantis.
649 3660 748 3726 Faber,
782 3659 836 3728 goir
848 3675 910 3708 avec
921 3657 982 3726 joie.
999 3657 1060 3708 Non
1079 3672 1185 3710 content
1203 3661 1283 3714 d'dtre

245 3756 275 3793 nt
288 3740 483 3792 admirationem
494 3738 649 3793 intuentium
661 3750 747 3788 verte·
781 3733 887 3796 admiret,
896 3736 1005 3785 l'artiste
1013 3751 1026 3783 n
1034 3733 1177 3788 l'ambition
1185 3739 1219 3789 de
1228 3741 1283 3808 prd-

246 3831 286 3870 ret
294 3819 318 3868 in
331 3829 477 3885 stuporem,
489 3829 515 3866 et
523 3813 572 3865 sibi
584 3814 683 3882 plenius
690 3831 747 3881 gra·
782 3811 891 3862 tendred
902 3831 935 3862 un
945 3811 1097 3882 sncudsplns
1106 3807 1280 3881 dolarentjet,

246 3898 308 3949 tiam
321 3896 471 3948 conciliaret
481 3895 662 3963 imperatorie3
676 3891 747 3960 peti·
779 3907 845 3956 pmrr
857 3891 965 3943 auhever
979 3889 1112 3944 d'dtonner
1126 3894 1162 3944 les
1176 3907 1282 3964 specta-

246 3987 299 4027 tam
316 3973 349 4025 de
364 3990 440 4022 mann
453 3971 561 4022 Caesarie
574 3969 685 4038 phialam
703 3987 747 4021 ru·
779 3982 862 4032 teurs,
875 3968 1000 4022 d'rxalter
1010 3970 1035 4022 ln
1048 3969 1234 4026 hienreiilanne
1247 3973 1281 4024 dn
