2817 4684
243 428 299 484 aso
687 427 825 505 >nonus.

241 537 403 621 distinguer
413 539 465 600 des
475 559 546 620 qens
563 538 600 598 de
611 538 639 599 lo
652 537 722 601 ville
737 559 778 599 on
789 535 888 598 discit:
905 535 975 598 illos
990 539 1154 613 lacernatos,
1172 563 1225 602 nos
1234 553 1288 600 to-

239 649 329 708 gatos.
345 636 425 698 C'eet
436 636 475 698 ici
486 637 514 696 te
527 634 673 715 vttement
685 634 736 696 des
751 634 899 698 mulcticrr
908 635 947 698 du
963 635 1082 717 Cirquc.

281 737 359 817 Poge
375 733 450 809 246,
464 734 542 816 ligne
558 756 587 816 7.
602 734 740 817 Quidquid
747 733 844 798 uidetis
860 734 904 798 ln'c
912 735 1051 812 postam,
1068 736 1100 795 de
1110 759 1166 796 uno
1174 757 1290 813 corpore

239 835 404 911 estfacnnn.
423 836 479 894 Les
492 832 642 895 cuisiuiers
655 833 706 894 des
723 833 839 894 enciens
851 833 1017 898 exceliaient
1036 838 1052 895 t
1070 834 1227 896 denotarer
1243 835 1289 900 ies

239 931 422 1005 substentes,
447 941 478 991 et
499 937 516 990 t
536 942 667 1006 tromper
680 929 708 992 le
725 932 798 1012 gout
813 929 841 990 ie
862 931 928 1006 plus
948 935 1048 994 exerce
1067 953 1118 990 sur
1137 931 1163 990 ia
1183 953 1288 992 soveur

239 1032 389 1111 etrangere
400 1028 486 1110 qu’iis
498 1027 625 1090 savoient
645 1026 709 1088 leur
722 1028 844 1088 donner.
858 1029 925 1102 Quo
939 1027 1004 1089 Part
1018 1032 1106 1105 opere
1119 1029 1147 1088 le
1160 1029 1289 1111 prodige

203 1205 205 1213 Ι
239 1126 313 1187 dont
323 1127 401 1203 peric
416 1127 542 1187 Petrone
556 1145 592 1184 en
604 1135 650 1185 cet
664 1123 798 1199 endroit,
814 1123 835 1184 il
856 1123 905 1206 n'y
917 1145 933 1184 a
945 1128 1095 1202 peut-etro
1110 1147 1159 1202 pas
1174 1125 1234 1188 lieu
1250 1128 1288 1186 de

238 1225 300 1286 s’en
312 1229 453 1285 etonner:
468 1244 508 1283 on
521 1222 655 1300 conqoit‚
668 1222 795 1304 quelque
813 1226 945 1304 dtranger
957 1223 1048 1304 qu'on
1066 1223 1125 1283 soit
1136 1244 1192 1284 aux
1206 1247 1286 1306 mys-

237 1327 314 1384 tdres
325 1324 361 1383 de
380 1324 408 1383 ia
425 1321 534 1382 cuisine
548 1320 599 1382 des
616 1321 753 1396 enciens,
770 1321 797 1381 ln
817 1321 979 1397 possibilitd
1000 1321 1036 1381 de
1056 1321 1169 1382 donner
1192 1325 1209 1380 d
1227 1343 1286 1381 une

146 1416 149 1421 ⁴
237 1422 360 1497 viando,
375 1420 479 1482 diorce
493 1419 529 1481 de
541 1418 759 1497 preparatione,
775 1419 803 1480 ia
812 1418 923 1494 forme,
938 1420 964 1480 ia
979 1420 1098 1500 couleqr
1110 1432 1139 1480 et
1152 1419 1180 1482 lc
1193 1419 1285 1484 tumet

236 1519 325 1581 d'une
342 1533 427 1580 autre
448 1518 560 1582 riande.
582 1519 655 1580 Mais
674 1519 768 1599 qu'on
786 1518 944 1596 parrionne
960 1521 976 1578 t
994 1517 1064 1580 irire
1079 1518 1129 1580 des
1147 1519 1286 1594 poisrons

236 1641 305 1682 arec
319 1620 369 1680 des
384 1623 522 1702 vegetant
529 1662 542 1698 ,
558 1638 593 1679 ce
605 1617 743 1695 resultet,
759 1618 782 1678 si
797 1620 825 1700 jc
840 1638 877 1678 ne
888 1639 933 1677 rue
946 1629 1079 1694 uompe,
1093 1638 1175 1694 passe
1187 1617 1283 1678 tinu-

236 1717 379 1800 gination.
392 1719 471 1779 C‘est
480 1728 620 1795 pourtant
630 1738 665 1778 ce
674 1717 861 1798 qu'Athdne'e
871 1739 887 1778 a
898 1717 963 1777 l’nir
973 1715 1009 1777 de
1021 1728 1124 1778 contet
1135 1718 1172 1778 de
1183 1716 1284 1782 boum

235 1816 278 1877 foi
291 1840 298 1877 ε
313 1818 334 1877 il
349 1829 487 1894 rapporte
501 1818 592 1898 qu'un
611 1817 746 1877 euisinier
766 1816 802 1877 de
816 1816 994 1891 Nicomede,
1010 1816 1056 1875 roi
1072 1816 1108 1876 de
1122 1815 1280 1898 Bithynie,

236 1917 306 1978 dous
322 1939 364 1976 nn
384 1937 493 1998 voyage
510 1937 566 1996 que
578 1936 611 1975 ce
624 1915 723 1993 prinee
736 1915 770 1973 fit
783 1935 820 1975 en
841 1915 977 1996 Scythie,
995 1925 1025 1973 et
1040 1913 1098 1973 sort
1118 1913 1181 1974 loin
1197 1914 1233 1974 de
1254 1915 1281 1974 la

235 2037 309 2090 mer,
323 2016 466 2092 entreprit
478 2015 514 2074 de
527 2014 664 2075 satisfaire
679 2015 784 2076 Penvie
796 2015 848 2095 qui
863 2014 927 2076 rint
940 2018 956 2078 ὲ
970 2035 1024 2074 son
1041 2015 1140 2074 maitre
1153 2016 1189 2075 de
1201 2038 1279 2076 man-

236 2133 287 2196 ger
306 2112 356 2172 des
370 2114 492 2196 harengs
506 2110 590 2186 freis,
610 2125 641 2172 et
654 2113 790 2173 contrefit
802 2112 826 2172 si
837 2111 920 2184 bien,
936 2132 1004 2175 avec
1021 2111 1071 2172 des
1089 2113 1236 2194 legumes,
1253 2113 1280 2174 ln

234 2209 326 2290 figure
340 2222 369 2268 et
379 2209 406 2269 ie
419 2213 492 2290 gont
506 2208 541 2268 de
553 2231 585 2270 ce
600 2210 738 2286 poisson‚
752 2231 809 2291 que
822 2209 963 2292 l'auguste
976 2233 1133 2293 myrogene,
1151 2211 1228 2290 dupe
1244 2213 1279 2274 de

234 2306 385 2381 l'artifice,
404 2305 466 2381 dit,
484 2328 520 2367 en
533 2310 671 2382 prdsence
687 2307 723 2367 de
736 2319 820 2370 toute
835 2330 865 2368 sa
880 2329 963 2384 cour,
980 2310 1051 2389 qu’il
1066 2308 1157 2370 fallait
1172 2332 1279 2374 conve·

234 2404 281 2463 nir
295 2403 384 2484 qu’nn
399 2405 506 2486 bereng
518 2404 584 2464 frain
599 2405 670 2465 etait
682 2404 709 2464 lo
725 2403 872 2467 meilleure
884 2407 971 2467 chose
987 2407 1025 2466 du
1039 2408 1156 2469 monde.
1173 2409 1279 2470 C'ctait

233 2507 376 2581 peutdtre
392 2525 428 2563 ou
443 2525 549 2586 moyen
564 2504 600 2564 de
617 2526 664 2564 ces
679 2525 777 2565 rences
789 2525 828 2564 ou
843 2527 975 2566 essences
994 2505 1077 2567 faites
1091 2507 1126 2568 de
1142 2509 1278 2584 poissons
1390 2523 1391 2530 ’

233 2601 305 2678 pilds
322 2603 395 2662 dont
411 2620 486 2663 nous
498 2625 587 2663 avons
602 2603 682 2680 parld
696 2603 947 2679 precedentium,
961 2605 1047 2686 qu²ils
1061 2606 1277 2682 parveunienti

232 2701 346 2761 donner
360 2705 375 2760 1
387 2722 435 2762 ces
448 2705 587 2784 uegetam
601 2700 629 2760 ie
644 2704 718 2783 godt
732 2701 767 2761 de
782 2700 809 2762 lu
825 2701 904 2761 chair
919 2703 954 2763 de
968 2703 1100 2781 poisson.

623 2913 759 2976 cute.
781 2915 879 2975 LXX.

272 3111 350 3194 Pege
365 3107 443 3186 246,
464 3111 542 3198 ligne
558 3132 607 3170 αι.
624 3109 731 3171 Cedros
752 3112 843 3174 norico
854 3113 943 3190 ferro.
959 3113 1073 3176 L’ncier
1088 3116 1125 3176 de
1141 3117 1275 3200 Norique

233 3208 381 3287 (aniere)
390 3210 461 3270 etait
471 3208 696 3269 tres-recherche}
707 3209 756 3269 des
766 3213 881 3270 enciens
891 3234 899 3270 :
911 3231 949 3270 on
962 3224 1065 3274 trouve
1074 3215 1274 3292 surplusieurs

232 3308 490 3387 medeiliesfermm
502 3303 638 3379 ηοῆωηυ
653 3320 682 3367 et
693 3308 762 3367 dans
776 3309 909 3384 Horace,
925 3310 972 3371 ode
988 3309 1024 3370 16
1038 3313 1077 3372 du
1090 3313 1163 3373 iirre
1178 3330 1211 3377 1:

367 3493 569 3516 ............
584 3457 877 3528 Qanuoqrattotou

361 3547 476 3613 Deterrit
487 3549 570 3609 ensis,
583 3565 633 3602 neo
643 3561 713 3606 uere
727 3547 897 3618 muitum,

203 3659 208 3666 Ι
232 3700 262 3750 et
274 3689 344 3748 dens
357 3687 470 3762 Oride,
484 3686 555 3747 iirre
568 3702 638 3759 nv,
652 3709 681 3746 u.
697 3707 755 3768 712
772 3687 822 3748 der
836 3689 1092 3766 Metamorphoses:

362 3839 457 3891 Durior
474 3852 499 3890 et
512 3837 580 3889 ferro
590 3877 598 3901 ,
612 3837 682 3909 quod
701 3835 812 3890 Noricus
830 3839 950 3910 excoquit
970 3842 1044 3910 ignis.

231 3982 315 4047 Ptine
334 3979 386 4042 icit
407 3982 538 4044 martion
549 3980 646 4044 dufer
664 3981 700 4041 de
719 3982 869 4062 Notique,
884 3982 957 4046 licre
977 4002 1092 4062 xxm,
1106 3988 1188 4064 chop.
1207 3989 1267 4062 14:

233 4081 342 4142 Atmbt
350 4101 422 4144 oenc
435 4081 581 4142 borium
589 4077 660 4142 duc
668 4091 804 4155 prostat,
819 4093 850 4142 ut
861 4082 892 4142 in
902 4081 1022 4146 Nonus.
