2817 4684
262 375 299 442 94
538 369 570 422 r.
592 369 772 423 remorsu
793 368 1022 424 sarrmcon.

263 493 332 560 lum
346 496 472 561 intrans
492 493 648 586 Ascylton
669 495 919 561 semimortuum
947 494 1150 586 grabatoque
1173 493 1306 561 resolu-
1391 537 1392 590 ἢ

143 681 146 688 ·
262 654 333 705 tum
350 639 478 724 inveni,
496 639 530 704 in
558 636 813 731 aliuquuoque
838 636 958 704 lectum
976 638 1045 730 ipse
1063 635 1188 722 decidi,
1207 651 1241 704 et
1260 662 1309 704 ne
1391 667 1392 670 ¹

259 780 393 873 quidem
421 779 558 847 verbum
580 779 727 873 proferre
751 781 855 872 potui.
877 779 1092 847 Perturbatus
1114 777 1186 864 ille,
1207 779 1306 872 quod

262 925 410 990 tunicam
426 922 509 989 mihi
520 922 680 990 creditam
692 947 761 990 non
776 921 922 1009 videret,
936 923 1097 1015 praecipiti
1111 947 1192 990 voce
1209 921 1306 989 illam

259 1093 279 1135 a
295 1092 347 1135 me
366 1069 471 1161 petiit.
485 1067 556 1135 ‘Sed
573 1091 633 1158 ego
654 1066 828 1148 deficiens,
852 1064 942 1157 quod
959 1091 1024 1132 vox
1040 1067 1204 1158 negabat,
1221 1090 1306 1133 ocu·
1391 1055 1392 1058 ¹

259 1209 367 1278 lorum
387 1208 546 1301 languore
565 1208 728 1304 explicui3
758 1208 884 1276 viribus
913 1208 1047 1276 tandem
1070 1207 1230 1304 paulatim
1247 1233 1305 1274 re·

260 1353 460 1440 deuntibus,
481 1352 611 1446 Ascylto
628 1351 848 1420 infortunium
868 1350 1043 1420 declaravi.
1063 1357 1108 1420 At
1124 1377 1176 1419 me
1191 1353 1305 1445 jocari
1391 1355 1392 1412 i

168 1590 171 1594 ἱ
259 1501 410 1592 putavit;
439 1513 472 1565 et
490 1499 641 1589 quamvis
661 1497 855 1564 ambitiosus
879 1495 1099 1590 lacrymarum
1123 1496 1229 1562 imber
1247 1521 1303 1563 sa·
1391 1553 1392 1582 3

260 1642 420 1709 eramenti
438 1641 528 1708 testis
550 1639 651 1726 foret,
675 1638 774 1732 plane
800 1640 967 1706 revocavit
992 1640 1027 1705 in
1047 1637 1207 1724 dubium,
1229 1663 1304 1705 cre-
1391 1615 1392 1706 l

258 1789 338 1856 dens
360 1814 394 1856 se
405 1789 513 1855 aureis
525 1812 578 1855 me
594 1785 749 1854 fraudare
762 1784 855 1853 velle.
870 1788 991 1872 Giton,
1005 1789 1091 1854 inter
1103 1786 1174 1854 haec
1185 1801 1301 1874 stans,

258 1958 350 2025 aeque
373 1947 507 1999 moestus
520 1947 591 1999 erat
608 1956 647 1999 ac
663 1954 725 2022 ego
742 1931 829 2022 ipse,
850 1944 882 1997 et
899 1929 994 1997 dolor
1009 1931 1104 2023 pueri
1129 1931 1301 1998 tristitiam
1391 1997 1392 2022 χ

260 2077 401 2168 augebat
426 2101 533 2143 meam
551 2101 558 2141 ε
577 2074 634 2142 scd
652 2075 865 2167 perquisitiO,
894 2098 967 2166 quae
992 2073 1033 2142 de
1053 2074 1149 2141 nobis
1174 2073 1300 2161 fiebat,
1391 2119 1392 2152 i

259 2222 363 2313 magis
391 2218 568 2311 torquebat
588 2220 737 2285 animum
761 2244 768 2284 :
789 2243 858 2285 rem
879 2216 1014 2310 Ascylto
1039 2217 1218 2305 declaravi,
1239 2221 1301 2311 qui
1391 2215 1392 2274 l

260 2365 375 2432 leviter
393 2377 578 2431 commotus
602 2360 685 2448 fuit,
703 2363 783 2454 quia
804 2387 838 2430 se
860 2361 999 2430 feliciter
1013 2386 1034 2428 a
1050 2364 1184 2454 negotio
1204 2387 1304 2456 cxpe-

190 2579 193 2582 ,
258 2509 372 2576 dierat.
392 2509 572 2574 Persuasus
591 2506 725 2597 insuper
744 2530 804 2572 nos
822 2529 891 2574 esse
914 2529 1064 2588 securos,
1085 2507 1218 2596 ignotos
1236 2508 1300 2574 sci·
1391 2545 1392 2562 1

258 2653 352 2740 licet,
373 2667 406 2718 et
423 2676 444 2718 a
463 2649 594 2718 nemine
612 2649 710 2716 visos.
730 2648 893 2716 Morbum·
910 2663 1019 2715 tamen
1043 2650 1176 2716 mentiri
1193 2647 1300 2716 volui·
1390 2621 1392 2630 Α

257 2824 346 2884 mus,
367 2811 404 2864 ut
418 2796 542 2864 diutius
556 2797 592 2862 in
611 2792 765 2862 cubiculo
777 2795 900 2861 morari
911 2791 1038 2878 liceret3
1052 2791 1109 2860 sed
1124 2792 1298 2861 deficiente

259 2944 417 3037 pecunia,
438 2942 535 3007 citius
554 2963 654 3030 quam
677 2953 895 3006 statueramus
919 2939 1081 3030 migrare,
1105 2952 1137 3005 et
1158 2953 1298 3029 cogente

258 3088 464 3170 necessitate,
484 3083 803 3181 manubiassvendere
822 3079 995 3176 oportuit]

633 3521 797 3589 CAPUT
827 3523 910 3586 XII.

303 3752 526 3820 Veniebamus
544 3753 579 3818 in
595 3749 724 3837 forum,
741 3749 912 3830 deficiente
920 3749 990 3840 jam
1007 3748 1074 3836 die,
1095 3751 1130 3816 in
1147 3775 1214 3842 quo
1232 3776 1290 3825 n0÷

255 3891 395 3958 tavimus
413 3889 632 3982 frequentiam
648 3913 760 3965 rerum
778 3887 961 3975 venalium,
983 3913 1051 3955 non
1068 3887 1202 3980 quidem
1216 3914 1289 3982 pre-
1391 3919 1392 3942 a

256 4027 435 4115 tiosarum,
462 4026 518 4094 sed
536 4041 662 4113 tamen,
680 4049 822 4117 quarum
841 4023 939 4093 fidem
958 4024 1043 4092 male
1064 4024 1287 4094 ambulantem
1391 4069 1392 4076 κ
