2817 4684
227 382 292 439 <236
514 390 547 441 T.
568 390 747 445 PETRONII
768 392 990 447 snTYulcoup

590 645 755 711 CAPUT
788 646 917 711 LXVI.

282 853 424 937 Tamen,
443 854 552 944 inquit
569 851 787 940 Trimalchio,
803 855 884 947 quid
903 854 1048 923 habuisti
1067 858 1101 921 in
1119 854 1281 923 coenam?
1386 828 1387 879 l

233 1036 281 1047 --
298 999 432 1084 Dicam,
450 1000 575 1092 inquit,
596 1001 624 1066 si
643 1014 801 1093 potuero:
829 1024 905 1067 nam
926 1014 993 1067 tam
1024 1000 1121 1067 bonae
1151 1024 1281 1067 memo-

232 1140 289 1207 riae
314 1166 406 1227 sum,
433 1156 469 1208 ut
495 1142 683 1234 frequenter
708 1134 828 1212 nomen
854 1168 965 1211 meum
990 1142 1176 1211 obliviscar.
1207 1147 1280 1210 Ha-

232 1285 370 1367 buimus¹
392 1302 501 1355 tamen
527 1290 560 1355 in
589 1291 698 1383 primo
723 1315 889 1384 porcum,
917 1289 1033 1357 botulo
1055 1304 1276 1374 coronatum,

233 1444 266 1497 et
279 1432 367 1499 cinca
386 1429 588 1517 lucanicaun,
605 1447 639 1499 et
651 1434 776 1523 gigarin
797 1433 923 1524 optime
945 1431 1049 1517 facta,
1066 1446 1100 1498 et
1115 1433 1277 1499 cucurbi-

233 1588 321 1657 tam,
342 1589 374 1641 et
395 1600 513 1668 panem
533 1590 732 1669 autopyrum
751 1575 792 1643 de
808 1600 867 1642 suo
886 1575 964 1661 sibi,
986 1599 1084 1667 quem
1104 1600 1165 1667 ego
1186 1575 1277 1644 malo

234 1743 333 1811 quam
348 1718 546 1803 candidum3
564 1732 598 1785 et
615 1720 700 1786 vires
714 1718 813 1805 facit,
833 1726 881 1805 et,
902 1743 1006 1811 quum
1017 1744 1097 1787 meae
1112 1721 1158 1787 rei
1176 1745 1278 1787 causa

233 1858 336 1947 facio,
353 1885 420 1928 non
433 1860 540 1954 ploro.
559 1863 707 1953 Sequens
721 1859 882 1930 ferculum
897 1860 962 1929 fuit
978 1861 1126 1930 scriblita
1141 1862 1276 1955 frigida,

232 2019 266 2072 et
281 2029 379 2096 supra
397 2003 461 2071 mel
475 2002 608 2072 caldum
620 2004 767 2072 infusum
780 2004 940 2073 excellens
954 2019 987 2074 et
999 2006 1197 2100 hispanum:
1213 2007 1277 2074 ita-

233 2172 298 2240 que
315 2146 355 2214 de
367 2147 512 2215 scriblita
529 2148 663 2237 quidem
681 2175 750 2216 non
768 2150 942 2218 minimum
961 2149 1030 2231 cdi3
1052 2150 1093 2219 de
1110 2150 1206 2219 melle
1223 2178 1277 2219 me

234 2261 338 2385 usque
353 2295 455 2385 tetigi.
475 2294 572 2361 Circa
590 2296 719 2362 ciceret
735 2295 907 2389 lupinum,
929 2296 1028 2365 calvae
1046 2297 1225 2381 arbitratu,
1243 2312 1276 2364 et

234 2436 320 2505 mala
338 2436 485 2529 singula,
502 2463 564 2531 ego
583 2454 692 2507 tamen
710 2440 777 2507 duo
796 2440 932 2525 sustuli,
950 2456 984 2507 et
1003 2465 1078 2509 ecee
1094 2442 1129 2508 in
1154 2464 1277 2533 mappa

235 2581 367 2675 alligata
387 2584 512 2652 habeo:
534 2608 631 2671 nam,
651 2586 688 2673 si¹
706 2583 832 2677 aliquid
862 2586 1008 2651 muneris
1034 2608 1108 2651 meo
1131 2581 1278 2651 vernulae

235 2753 302 2795 non
317 2726 438 2814 tulen0,
450 2728 579 2796 habebo
591 2730 790 2796 convicium.
806 2730 894 2796 Bene
907 2752 960 2795 me
974 2728 1131 2796 admonet
1142 2710 1279 2794 domina

235 2899 317 2943 mea.
346 2877 385 2940 In
407 2888 583 2968 prospectu
605 2873 783 2941 habuimus
812 2874 931 2941 ursinae
958 2872 1121 2960 inustum,
1143 2871 1184 2940 de
1211 2896 1279 2965 quo

235 3042 338 3110 quum
360 3018 552 3111 imprudens
571 3015 721 3085 Scintilla
740 3030 917 3109 gustasset,
935 3042 1028 3110 paene
1048 3018 1205 3085 intestina
1220 3041 1280 3083 sua

236 3164 374 3230 vomuit.
404 3166 474 3253 Ego
502 3176 619 3229 contm
643 3160 718 3254 plus
742 3160 859 3228 libram
885 3161 1032 3246 comedi,
1066 3162 1278 3254 nam‘ipsum

236 3333 353 3401 aprum
380 3306 537 3399 sapiebat.
562 3309 605 3373 Et
633 3307 680 3390 si,
704 3307 863 3397 inquam,
890 3330 989 3397 ursus¹
1017 3304 1276 3387 homuncionem

235 3465 377 3535 comest,
396 3463 522 3541 quanto
538 3448 643 3539 magis
663 3447 846 3514 homuncio
863 3446 961 3515 debet
978 3471 1091 3517 ursum
1110 3446 1278 3516 comesse?

179 3586 185 3596 ⁹
235 3599 273 3663 In
293 3619 422 3663 summo
441 3593 618 3661 habuimus
637 3616 769 3659 caseum
788 3590 937 3677 mollem,
960 3606 993 3659 et
1015 3614 1146 3685 sapam,
1169 3606 1203 3659 et
1226 3616 1280 3658 co-

238 3738 347 3806 chleas
365 3736 529 3829 singulas,
544 3734 727 3838 etlchordae
747 3734 871 3823 frusta,
890 3750 923 3803 et
941 3736 1072 3829 hepatia
1092 3725 1127 3804 in
1145 3733 1278 3820 catillis,

238 3898 270 3950 et
287 3908 349 3949 ova
369 3880 505 3975 pileata‚
525 3895 558 3948 et
575 3904 706 3972 rapam,
725 3893 758 3946 et
778 3880 901 3972 sinapi,
920 3892 952 3945 et
970 3877 1119 3947 catillum¹
1136 3880 1279 3948 concha-

238 4058 312 4098 rum
331 4045 361 4098 et
385 4055 444 4122 par
463 4026 686 4121 pelamidum;
706 4028 804 4093 etiam
824 4027 856 4093 in
872 4023 965 4093 alveo
989 4025 1181 4095 circumlata
1203 4040 1280 4094 sunt
