2817 4684
255 322 313 380 ssa
530 326 565 379 r.
586 326 769 382 enrnonn
791 326 1016 384 snrrnrcou.

255 449 444 542 labyrintho
458 448 588 535 inclusi,
602 451 724 543 quibus
738 448 841 519 lavari
849 454 921 545 jam
932 467 1077 547 coeperat
1089 468 1301 523 notum-esse.

254 589 353 660 Ultro
362 616 442 685 ergo
457 595 666 685 rogavimus,
683 609 721 662 ut
739 610 800 662 nos
814 594 857 663 ad
876 592 1032 664 balneum
1049 594 1204 665 duceret:
1220 622 1314 691 pro·¹
1392 580 1393 619 ³

251 736 414 828 jectisque
427 737 645 821 vestimentis,
659 762 733 830 quae
752 739 857 809 Giton
875 741 909 807 in
924 738 1016 807 aditu
1034 741 1159 844 siccare
1177 742 1299 834 coepit,
1392 788 1393 835 ,

252 876 406 947 balneum
416 881 623 967 intravimus,
632 895 811 973 angustum
821 881 956 969 scilicet,
966 884 1156 951 etcisternae
1165 881 1301 977 frigida·

252 1021 309 1089 riae
322 1020 438 1108 simile,
451 1024 486 1090 in
497 1048 564 1116 qua
572 1022 775 1094 Trimalchio
790 1023 900 1092 nudus
916 1026 1039 1110 stabat3
1052 1046 1091 1093 ae
1110 1050 1152 1093 ne
1166 1027 1214 1093 sic
1225 1028 1299 1119 qui·

252 1163 327 1231 dem
339 1150 580 1258 putidissimam
597 1165 667 1258 ejus
679 1166 895 1257 jactationem
908 1166 1003 1235 licuit
1015 1166 1181 1259 effugere:
1200 1192 1297 1255 nam,

251 1307 334 1375 nihil
352 1307 468 1377 melius
485 1332 555 1377 esse
575 1308 722 1397 dicebat,
741 1335 842 1403 quam
864 1313 935 1380 sine
951 1311 1049 1380 turba
1066 1309 1188 1397 lavari3
1208 1326 1240 1379 et
1256 1336 1297 1379 eo

250 1434 324 1520 loco
339 1455 412 1546 ipso
425 1452 605 1546 aliquando
618 1456 797 1548 pistrinum
809 1453 919 1523 fuisse.
934 1454 1081 1543 Deinde,
1100 1469 1137 1523 ut
1157 1454 1297 1523 lassatus
1392 1546 1393 1551 ἵ

249 1595 417 1685 consedit,
436 1598 596 1665 invitatus
612 1597 722 1666 balnei
735 1621 837 1685 sono,
856 1597 986 1667 diduxit
1006 1596 1167 1691 usquead
1182 1623 1296 1667 cama-

248 1766 320 1809 ram
335 1765 372 1810 os
380 1741 524 1827 ebrium,
543 1755 576 1809 et
596 1742 697 1835 coepit
714 1742 912 1811 Menecratis
930 1742 1060 1810 cantica
1078 1741 1236 1829 lacerare,
1250 1743 1297 1809 si·
1373 1728 1376 1737 ¹

248 1901 306 1954 cut
323 1883 369 1953 illi
384 1882 569 1982 fflicebant,
583 1882 649 1977 [qui
668 1883 817 1977 linguam
832 1885 909 1977 ,ejus
930 1884 1167 1978 intelligebant.
1182 1888 1296 1955 Ceteri

247 2030 395 2097 convivae
417 2028 516 2097 circal
544 2029 680 2117 abrum,
701 2028 855 2097 manibus
883 2030 995 2117 nexis,
1016 2030 1210 2118 currebant,
1231 2046 1295 2099 aut
1392 2122 1393 2131 ἵ

246 2174 437 2267 gingilismo
454 2176 580 2265 ingenti
603 2174 746 2243 clamore
767 2152 972 2244 exsonaltant
995 2202 1003 2245 ε
1022 2175 1080 2246 alii
1088 2191 1198 2245 autem
1204 2229 1215 2265 ,
1232 2193 1296 2245 aut
1392 2148 1393 2175 ἶ

246 2284 404 2388 restrictis
416 2320 570 2389 manibus
584 2300 726 2389 tinnulos
740 2320 781 2390 de
801 2323 991 2414 pavimento
1004 2323 1214 2404 conabantur
1226 2322 1293 2391 tol·
1321 2396 1327 2406 ‚

246 2467 328 2556 lere,
345 2483 403 2536 aut
426 2470 535 2563 posito
553 2493 642 2563 genu
658 2471 800 2538 cervices
819 2485 894 2563 post
912 2485 1003 2563 terga
1019 2470 1169 2559 flectere,
1183 2485 1217 2539 et
1239 2496 1295 2565 pc·

244 2618 324 2690 dum
337 2633 500 2687 extremos
515 2616 650 2712 pollices
668 2622 815 2711 tangere.
833 2618 920 2707 Nos,
940 2617 1021 2687 dum
1040 2617 1095 2687 alii
1110 2616 1174 2687 sibi
1192 2616 1293 2688 ludos
1392 2634 1393 2671 ³

242 2769 388 2856 faciunt,
409 2770 444 2835 in
464 2766 566 2855 solio,
584 2766 675 2859 quod
693 2765 932 2834 Trimalchioni
948 2765 1139 2859 parabatur,
1157 2766 1292 2836 descen·

243 2920 362 2988 dimus.
386 2922 494 3010 Ergo,
513 2918 670 2985 ebrietate
686 2915 850 3001 discussa,
869 2916 904 2981 in
923 2912 1014 2983 aliud
1031 2913 1214 2983 triclinium
1230 2877 1288 2985 de:

242 3066 335 3134 ducti
350 3090 484 3152 sumus,
506 3064 774 3155 ubijFortunata
799 3060 1005 3155 disposuerat
1030 3060 1175 3131 lautitias
1193 3088 1286 3151 suas,
1392 3094 1393 3099 ¹

242 3216 288 3281 ita
316 3227 354 3280 ut
379 3236 480 3306 supra
498 3211 649 3280 lucernas
679 3208 885 3303 aeneolosque
905 3210 1126 3304 Priapiscotos
1148 3228 1284 3283 notave-
1392 3282 1393 3309 ,

241 3366 304 3431 rim
313 3388 328 3450 ,3
343 3376 376 3429 et
393 3386 523 3429 mensas
545 3374 629 3427 totas
651 3374 842 3451 argenteas,
860 3358 1041 3453 calicesque
1058 3362 1147 3428 circa
1166 3360 1283 3431 fictiles

241 3514 434 3596 inauratos3
452 3524 485 3577 et
508 3509 624 3576 vinum
647 3508 682 3574 in
701 3520 880 3601 conspectu
903 3531 999 3575 sacco
1020 3506 1177 3577 defluens.
1195 3512 1282 3577 Tum
1392 3506 1393 3567 3

239 3657 460 3743 Trimalchio,
475 3696 518 3710 -
530 3654 656 3740 Amici,
674 3654 801 3747 inquit,
819 3652 918 3722 hodie
932 3678 1044 3723 servus
1058 3680 1150 3724 meus
1161 3654 1282 3726 barba·
1392 3730 1393 3739 χ

240 3809 360 3875 teriam
376 3805 470 3893 fecit,
485 3804 598 3889 homo,
616 3802 808 3897 praefiscini,
825 3802 929 3895 frugi,
946 3817 980 3872 et
993 3804 1076 3872 mihi
1093 3818 1200 3875 carus'.
1215 3810 1279 3877 Ita-

239 3980 303 4049 que
321 3970 533 4046 tengomenas
550 3953 727 4040 faciamus,
746 3966 779 4023 et
798 3976 902 4045 usque
921 3954 956 4023 in
975 3952 1081 4023 lucem
1101 3978 1280 4026 coenemus.
1380 4017 1389 4041 ι
