2817 4684
25 1278 27 1313 l

269 399 328 455 aba
546 404 579 457 T.
601 401 784 458 PETRONH
805 399 1032 456 SATXRICON.

625 643 793 710 CAPUT
822 641 959 708 XXIX.

319 832 475 937 Ceterum
493 891 570 960 ego,
589 867 671 938 dum
695 869 808 936 omnia
831 882 965 962 stupeo,
986 890 1080 960 paene
1099 867 1319 958 resupinatus

270 1036 367 1080 crura
396 1036 469 1079 mea
494 1009 587 1104 fregi.
616 1010 669 1079 Ad
695 1013 862 1080 sinistram
886 1011 976 1080 enim
999 1009 1217 1096 intrantibus,
1242 1033 1318 1076 non

270 1154 368 1249 longe
384 1156 426 1223 ab
442 1156 569 1223 ostiarii
588 1152 685 1241 cella,
706 1155 797 1222 canis
816 1156 953 1247 ingens,
974 1170 1091 1222 catena
1105 1155 1256 1240 vinetus,
1278 1154 1317 1219 in

209 1390 212 1397 Ι
264 1300 393 1398 pariete
409 1312 484 1391 erat,
497 1299 624 1392 pictus,
644 1321 810 1391 superque
828 1298 991 1391 quadrata
1007 1293 1116 1367 littera
1129 1297 1317 1392 scriptum,

269 1444 376 1512 Cava.
393 1445 504 1513 Cava.
532 1437 672 1512 Cannu!
692 1445 737 1510 Et
758 1441 891 1534 collegae
915 1441 1050 1534 quidem
1070 1442 1135 1509 mei
1154 1442 1317 1531 riserunt·

213 1631 217 1637 »
269 1590 341 1678 Ego
359 1601 484 1673 autem,
505 1584 644 1654 collecto
661 1587 781 1679 spiritu
792 1637 802 1672 ,
815 1610 884 1654 non
895 1585 1005 1653 destiti
1022 1599 1131 1654 totum
1151 1587 1317 1678 parietem

272 1730 435 1824 persequi.
453 1731 535 1796 Erat
552 1743 663 1797 autem
686 1728 880 1797 venalitium
899 1726 1003 1796 titulis
1033 1729 1225 1822 pictum,et
1244 1729 1320 1821 ipse

269 1871 473 1943 Trimalchio
502 1872 676 1966 capillatus
702 1872 883 1942 caduceum
915 1872 1064 1960 tenebat,
1093 1874 1318 1964 Minervaque

269 2015 430 2100 ducente,
450 2018 592 2084 Romam
613 2015 772 2084 intrabat.
796 2016 884 2084 Hinc
908 2013 1318 2109 quemadmodumratio·

270 2159 375 2225 cinari
397 2156 583 2243 didicisset,
604 2155 682 2224 dein
710 2156 917 2250 dispensator
942 2157 1048 2226 faetus
1075 2172 1178 2245 esset,
1198 2160 1315 2226 omnia

270 2299 446 2393 diligenter
468 2301 617 2369 curiosus
636 2301 745 2393 pictor
771 2326 846 2369 cum
869 2303 1086 2395 inscriptione
1109 2301 1313 2371 reddiderat.
1387 2297 1388 2323 ¹

262 2450 310 2516 ln
330 2445 502 2529 deficiente
525 2410 605 2529 ¹vero
622 2447 692 2539 jam
717 2449 866 2540 porticu,
890 2445 1033 2543 levatum
1059 2461 1179 2548 mento
1192 2449 1227 2514 in
1257 2450 1316 2534 tri·

269 2587 372 2657 bunal
385 2583 549 2658 excelsum
556 2591 744 2657 Mercurius
756 2590 915 2683 rapiebat.
928 2593 1051 2658 Praesto
1068 2604 1138 2657 erat
1151 2594 1314 2676 Fortuna,

270 2757 375 2801 cornu
401 2731 586 2800 abundanti
611 2733 765 2826 eopiosa,
792 2747 825 2800 et
848 2747 913 2800 tres
938 2737 1063 2820 Parcae,
1084 2757 1183 2802 aurea
1210 2758 1316 2827 pensa

271 2890 473 2968 torquentes.
501 2878 625 2947 Notavi
646 2863 753 2944 etiam
773 2877 808 2943 in
828 2878 960 2970 porticu
984 2900 1116 2970 gregem
1136 2902 1315 2946 cursorum

270 3042 346 3086 cum
356 3019 517 3109 magistro
532 3044 566 3086 se
579 3034 795 3088 exercentem.
814 3021 975 3087 Praeterea
990 3019 1116 3113 grande
1129 3023 1313 3090 armarium

270 3159 305 3225 in
329 3157 453 3251 angulo
472 3159 559 3247 vidi',
585 3161 620 3226 in
647 3161 743 3253 eujus
769 3159 906 3229 aedicula
924 3177 1021 3230 erant
1039 3165 1140 3230 Lares
1162 3167 1313 3256 argentei

270 3301 386 3394 positi,
404 3303 610 3394 Venerisque
635 3303 767 3394 signum
790 3329 1027 3393 marmoreum,
1049 3319 1081 3373 et
1109 3307 1194 3399 pixis
1211 3331 1312 3378 aurea

270 3469 338 3512 non
356 3442 492 3538 pusilla,
511 3446 546 3512 in
572 3468 637 3536 qua
664 3445 800 3514 barbam
819 3447 922 3539 ipsius
943 3447 1112 3516 conditam
1136 3473 1205 3517 esse
1223 3450 1313 3519 dice-

265 3588 360 3655 bant
390 3591 600 3679 Interrogare
624 3611 685 3679 ego
707 3590 883 3657 atriensem
904 3592 1008 3684 coepi,
1032 3617 1114 3685 quas
1139 3594 1174 3660 in
1200 3595 1310 3662 medio

269 3732 417 3824 picturas
441 3729 621 3798 haberent?
641 3771 683 3781 -
708 3715 815 3835 Iliada
837 3747 870 3800 et
895 3732 1095 3826 Odysseam,
1121 3737 1245 3828 inquit,
1270 3761 1310 3803 ac

152 3879 155 3887 ’
257 3871 351 3941 Ἰωνᾶ
370 3873 488 3941 videtis
505 3871 738 3964 gladiatorium
758 3899 890 3942 munus.
