2817 4684
246 390 306 447 aaa
523 389 556 445 r.
576 390 759 446 rumomr
779 362 1000 448 sirrmcou.

244 533 311 605 est,
332 515 423 610 quod
439 493 590 585 homines
609 515 706 603 facit,
724 532 831 587 cetera
853 519 1033 612 quisquilia
1056 520 1180 587 omnia.
1200 522 1284 588 Bene
1378 538 1379 571 l

245 686 337 747 emo,
352 662 436 729 bene
451 659 561 729 vendo
576 686 586 729 τ
604 659 690 729 alius
707 652 771 730 alia
789 662 885 730 vobis
898 662 996 732 dicet.
1013 662 1180 732 Felicitate
1195 663 1285 732 dissi·

247 804 315 893 li0;
332 817 369 872 tu
384 817 513 894 autem,
535 805 686 893 sterteia,
707 808 887 877 etiamnum
905 805 1041 915 ploras?
1053 796 1055 803 ¹
1061 808 1131 901 jam
1148 808 1286 895 curabo,

246 949 353 1020 fatum
370 964 466 1018 tuum
491 948 611 1043 plores.
631 947 714 1037 Sed,
737 965 776 1018 ut
796 974 959 1045 eoeperam
984 950 1110 1038 die'ere,
1135 950 1179 1019 ad
1203 952 1286 1021 hano

248 1119 301 1161 me
317 1092 486 1165 fortunam
510 1091 682 1185 frugalitas
707 1118 781 1163 mea
798 1092 962 1188 perduxit.
985 1096 1072 1164 Tam
1092 1116 1233 1185 magnus
1251 1100 1288 1161 ex
1379 1120 1380 1131 ¹

247 1241 326 1309 Asia
342 1241 437 1327 veni,
455 1263 556 1332 quam
574 1238 631 1307 hic
650 1236 869 1307 candelabrus
888 1252 938 1308 est
952 1238 994 1306 ad
1013 1263 1153 1308 summa.
1169 1238 1289 1334 Quoti-

248 1382 303 1453 die
319 1406 372 1451 me
389 1381 535 1451 solebam
551 1382 594 1454 ad
611 1380 706 1455 illum
723 1382 854 1469 metiri,
872 1396 925 1469 et,
943 1396 981 1450 ul
993 1380 1130 1451 celerius
1146 1396 1291 1450 rostrum

249 1526 426 1595 barbatum
443 1524 618 1610 haberem,
637 1522 730 1593 labra
750 1523 792 1593 de
811 1521 947 1593 lucerna
966 1525 1141 1617 ungebam.
1166 1527 1290 1593 Tamen

151 1678 155 1685 ’
206 1718 208 1722 -
250 1669 292 1738 ad
311 1665 445 1761 delicias
463 1666 586 1735 femina
603 1669 673 1761 ipse
692 1666 757 1735 mei
776 1665 904 1736 domini
923 1690 1030 1736 annos
1043 1667 1292 1761 quatuordecim

250 1812 322 1900 fui;
348 1838 410 1881 nec
428 1827 526 1906 turpe
542 1825 608 1899 est,
628 1811 719 1904 quod
746 1810 901 1880 dominus
916 1810 1021 1905 jubet.
1042 1814 1115 1905 Ego
1133 1826 1245 1881 tamen
1264 1826 1295 1879 et

252 1958 315 2051 ipsi
331 1982 411 2026 meae
424 1955 568 2025 domina
584 1956 836 2025 satisfaciebam.
857 1955 974 2042 scitis,
993 1956 1075 2048 quid
1092 1956 1213 2026 dicam.
1232 1959 1292 2025 Ta-

252 2124 328 2185 oeo,
345 2101 425 2191 quia
444 2122 513 2167 uon
532 2123 606 2167 sum
621 2096 664 2167 de
684 2097 848 2191 gloriosis.

583 2909 749 2979 CAPUT
780 2907 953 2975 LXXVI.

302 3130 476 3215 Ceterum,
487 3124 768 3220 quemadmodum
778 3122 825 3192 Di
838 3120 970 3207 volunt,
982 3117 1138 3187 dominus
1148 3115 1184 3183 in
1198 3110 1293 3179 domo

257 3286 362 3355 factus
376 3309 465 3373 sum;
480 3298 513 3353 et
525 3281 618 3354 ecce!
631 3284 704 3377 cepi
719 3282 782 3376 ipsi
792 3282 838 3347 mi
849 3258 1057 3348 cerebellum.
1070 3272 1164 3361 Quid
1174 3265 1295 3339 multa?

191 3420 195 3427 .
258 3438 452 3509 coheredem
462 3460 517 3505 me
530 3436 651 3506 Casani
669 3433 763 3523 fecit,
785 3446 818 3501 et
837 3433 948 3526 accepi
969 3426 1209 3524 patrimonium
1225 3423 1294 3492 lati-

259 3593 412 3663 clavium.
430 3590 567 3661 Nemini
580 3604 691 3657 tamen
709 3586 792 3655 nihil
807 3588 886 3655 satis
902 3599 975 3653 est:
1000 3581 1177 3674 concupivi
1200 3601 1296 3671 nego-

260 3747 346 3815 tiari.
357 3747 410 3815 Ne
425 3741 537 3811 multis
553 3766 612 3810 vos
629 3765 749 3828 morer,
768 3740 916 3831 quinque
926 3760 1025 3805 naves
1038 3733 1199 3803 aedilicavi
1209 3757 1217 3799 ε
1228 3754 1297 3798 one

261 3899 336 3968 ravi
356 3898 491 3983 vinum,
513 3909 545 3964 et
565 3908 646 3961 tunc
661 3906 734 3961 erat
758 3904 875 3959 eontra
890 3914 1008 3957 aurum
1027 3914 1035 3956 :
1056 3887 1131 3954 misi
1150 3888 1297 3953 Romam.

262 4056 399 4120 Putares
408 4072 461 4117 me
476 4046 541 4114 hoc
557 4045 713 4136 jussisse:
732 4062 845 4111 omnes
862 4064 961 4109 naves
982 4037 1232 4129 naufragarum.
1245 4037 1299 4103 Fa·
