2817 4684
254 457 310 496 aon
448 492 455 505 ,
528 441 560 493 Τ.
582 436 761 493 PETRONll
780 438 1004 493 SATYRlCON.

253 589 393 658 puerum
409 564 507 655 jussit
524 562 665 630 liberum
679 587 764 648 esse,
787 586 830 629 ne
847 564 923 655 quis
938 578 1048 657 posset
1070 564 1198 652 dicere,
1220 580 1293 633 tan·

250 724 322 776 tum
334 711 441 776 virum
459 732 527 775 csse
544 731 563 774 a
582 731 677 774 servo
694 704 878 773 lividatum.

642 1364 805 1432 CAPUT
830 1365 905 1429 Lv.

295 1588 557 1680 Comprobamus
577 1614 637 1656 nos
654 1588 797 1677 factum3
817 1604 849 1659 et
869 1614 969 1683 quam
993 1592 1027 1657 in
1051 1566 1215 1682 precipio
1234 1614 1286 1656 res

248 1726 400 1797 humanae
417 1746 539 1817 essent,
557 1734 649 1800 vario
669 1758 820 1801 sermone
836 1732 1010 1825 garrimus
1028 1735 1156 1819 -Ita,
1174 1733 1285 1824 inquit

248 1870 465 1961 Trimalchio,
489 1901 557 1943 non
575 1891 707 1969 oportet
730 1877 821 1944 hunc
839 1901 951 1945 casum
973 1878 1044 1944 sine
1067 1878 1286 1969 inscriptione

246 2017 401 2104 transire3
419 2020 657 2113 -statimque
680 2019 849 2089 codicillos
870 2021 1043 2116 poposcit,
1064 2034 1115 2108 et,
1135 2046 1206 2089 non
1227 2020 1284 2092 diu

247 2160 447 2252 cogitatione
467 2162 620 2250 distorta,
641 2164 712 2231 lraec
730 2165 898 2233 recitavit:

345 2490 384 2499 -
399 2460 486 2528 Quod
506 2479 566 2515 non
582 2472 744 2535 exspectes,
762 2480 798 2517 cx
818 2472 980 2519 transverso
1000 2463 1048 2532 fit,

345 2562 380 2615 Et
396 2580 481 2635 supra
500 2582 552 2617 nos
568 2566 693 2619 Fortuna
707 2564 822 2637 negotia
839 2576 927 2619 marat.

346 2669 439 2734 Quare
458 2657 495 2721 da
514 2666 600 2721 nobis
616 2667 683 2721 vina
700 2668 835 2739 Falerna,
854 2687 934 2740 puer.

300 2963 343 2977 -
359 2924 428 2991 Sub
447 2924 512 2991 hoc
530 2926 767 3017 epigrammate
790 2926 888 3018 coepit
909 2938 1082 3017 poetarum
1103 2947 1172 2991 esse
1193 2946 1283 2990 men·

248 3069 312 3150 tio,
339 3065 463 3157 diuque
485 3090 613 3133 summa
635 3058 795 3134 ¹carminis
825 3090 925 3159 penes
948 3068 1098 3134 Marsum
1122 3064 1284 3133 Thracem

245 3223 451 3277 commorata
477 3224 543 3297 est,
574 3209 679 3277 donec
709 3208 929 3291 Trimalchio,
948 3234 996 3261 -Δ-
1009 3212 1122 3301 Roga,
1150 3210 1283 3302 inquit,
1381 3224 1382 3242 ¹

247 3354 420 3447 magister,
439 3353 520 3446 quid
542 3367 635 3446 putes
652 3354 741 3421 iuter
753 3356 962 3442 Ciceronem,
979 3368 1013 3421 et
1033 3352 1189 3421 Publium
1206 3356 1286 3422 inte·

245 3496 355 3565 resse?
369 3500 441 3588 Ego
454 3494 594 3563 alterum
611 3510 693 3588 puto
707 3496 913 3565 disertiorem
934 3495 1049 3581 fuisse,
1072 3495 1213 3567 alterurn
1231 3496 1285 3565 ho
1380 3544 1381 3548 =

247 3642 436 3709 nestiorem.
458 3638 550 3728 Quid
568 3640 657 3706 enim
668 3639 720 3706 his
740 3638 857 3708 melius
877 3639 942 3708 dici
961 3640 1093 3734 potest?

348 3932 387 3941 -
396 3901 519 3956 Luxurie
538 3898 611 3953 victa
627 3898 727 3953 Martis
742 3911 868 3955 marcent
884 3900 998 3955 moenia.

348 4006 411 4059 Tuo
425 4006 521 4078 palato
535 4006 645 4059 clausus
659 4023 736 4078 pavo
753 4003 894 4077 pascitur,

344 4111 474 4166 Plumato
494 4109 611 4163 amictus
627 4126 713 4165 aureo
729 4108 921 4181 Babylonico,
