2817 4684
243 456 298 513 πόα
524 459 557 514 Τ.
579 460 759 515 PETRONII
779 460 1004 517 sammon.

241 578 389 675 hilaritas
416 595 530 649 nostra
552 583 685 650 turbata
707 597 775 668 est,
801 608 878 651 nam
908 608 1012 676 quum
1031 606 1115 677 puer
1142 609 1211 651 non
1232 586 1291 651 in-

241 722 406 817 speciosus
435 725 521 792 inter
543 748 650 793 novos
673 726 827 794 intrasset
853 728 1039 813 ministros,
1066 725 1188 795 invasit
1207 753 1289 797 eum

241 862 464 953 Trimalchio,
496 882 529 935 et
558 866 700 936 osculari
727 868 853 937 diutius
883 871 992 963 coepit
1020 872 1138 963 Itaque
1164 873 1289 938 Fortu·

242 1024 343 1095 nata,
373 1024 410 1077 ut
432 1035 472 1077 ex
500 1034 596 1104 aquo
616 1012 671 1103 jus
694 1012 828 1079 firmum
847 1012 1066 1105 approbaret,
1090 1010 1288 1081 maledicere

241 1150 522 1220 Trimalchionem
555 1154 674 1247 coepit,
699 1166 733 1221 et
766 1168 1047 1247 purgamentum,
1076 1153 1289 1248 dedecusque

201 1276 207 1286 „
242 1295 438 1389 praedicare,
458 1298 516 1389 qui
541 1321 610 1366 non
630 1298 817 1367 contineret
838 1294 1011 1366 libidinem
1033 1323 1137 1372 suam.
1156 1298 1287 1369 Ultimo
1306 1340 1308 1347 ·

241 1440 341 1507 etiam
354 1440 495 1532 adjecit,
508 1481 547 1493 -
564 1437 685 1511 Canis!
701 1480 747 1495 -
757 1440 960 1513 Trimalchio
977 1456 1094 1511 contra
1109 1441 1289 1529 confusus,

241 1582 389 1653 offensus
414 1586 586 1672 convicio,
608 1584 744 1655 calicem
769 1588 804 1654 in
827 1586 943 1655 faciem
965 1590 1155 1655 Fortunatae
1181 1588 1290 1655 immi-

242 1728 295 1795 sit.
317 1726 394 1815 Illa,
417 1742 577 1820 tanquam
600 1726 735 1829 oculum
752 1728 966 1823 perdidisset,
984 1727 1199 1818 exclamavit,
1217 1738 1288 1798 ma-

243 1895 373 1966 nusque
396 1886 574 1942 trementes
598 1871 640 1941 ad
669 1872 786 1941 faciem
820 1899 913 1943 suam
941 1873 1100 1943 admovit.
1130 1876 1289 1943 Conster-

242 2031 322 2085 nata
336 2031 388 2085 est
404 2018 503 2085 etiam
516 2016 688 2106 Scintilla,
709 2014 996 2115 trepidantemque
1011 2016 1086 2086 sinn
1100 2042 1164 2087 suo
1180 2018 1263 2086 texit
1278 2043 1289 2083 τ

242 2160 345 2226 immo
364 2184 447 2252 puer
466 2170 600 2253 quoque
615 2158 783 2229 officiosus
797 2159 967 2229 urceolum
983 2160 1142 2253 frigidum
1161 2160 1204 2229 ad
1221 2185 1290 2229 ma·

242 2304 309 2373 lam
332 2306 404 2399 ejus
430 2305 598 2396 admouit,
626 2333 726 2405 super
752 2332 851 2402 quem
879 2306 1075 2377 incumbens
1102 2310 1289 2375 Fortunata
1391 2308 1392 2315 '

242 2479 391 2550 gemere,
420 2480 459 2524 ac
489 2452 568 2523 llere
593 2456 703 2555 eoepit.
732 2456 860 2523 Contra
880 2450 1103 2542 Trimalchio,
1123 2494 1173 2506 —-
1193 2454 1290 2543 Quid

242 2603 356 2675 enim?
373 2606 501 2698 inquit,
521 2604 699 2673 ambubaia
716 2628 784 2672 non
802 2605 953 2672 meminit
968 2606 996 2671 si
1015 2628 1033 2671 e
1052 2617 1180 2673 mactra
1195 2602 1289 2671 illam

242 2751 386 2822 sustuli:
408 2753 577 2822 hominem
596 2754 685 2821 inter
701 2750 854 2821 homines
874 2750 959 2834 feci3
985 2764 1021 2819 at
1042 2750 1137 2820 inflat
1154 2776 1191 2820 se
1215 2765 1294 2819 tan-
1390 2818 1391 2835 ,

242 2925 343 2995 quam
361 2924 466 2987 rana,
491 2900 584 2970 etin
608 2900 717 2969 sinum
737 2924 833 2969 suum
858 2900 1034 2993 conspuit;
1063 2896 1189 2986 codex,
1217 2922 1288 2966 non

240 3045 372 3114 mulier.
397 3045 464 3114 Sed
488 3044 561 3134 hic,
587 3046 647 3138 qui
672 3048 707 3113 in
727 3044 865 3139 pergula
892 3059 1078 3132 natusest,
1105 3043 1191 3112 aedes
1217 3070 1287 3112 non

242 3196 436 3265 somniatur.
465 3198 516 3263 Ita
542 3196 677 3289 genium
704 3218 815 3263 meum
841 3194 1022 3287 propitium
1050 3192 1211 3282 habeam,
1229 3218 1289 3261 cu-

240 3345 323 3414 rabo
345 3344 479 3413 domata
497 3342 540 3411 sit
560 3340 747 3412 Cassandra
764 3339 931 3435 caligaria.
949 3344 992 3409 Et
1009 3364 1091 3435 ego,
1111 3340 1215 3409 homo
1227 3340 1285 3409 du·

241 3492 456 3586 pondiarius,
484 3492 671 3562 sestertium
696 3490 820 3557 centies
848 3491 1000 3583 accipere
1020 3491 1126 3583 potui.
1147 3491 1218 3557 Scis
1246 3503 1282 3557 tu

241 3663 378 3707 menon
396 3638 542 3708 mentiri.
563 3636 697 3729 Agatho.
712 3637 953 3728 unguentarius
974 3636 1054 3704 here
1069 3638 1219 3730 proxime
1237 3662 1283 3704 se·

241 3787 336 3855 duxit
349 3812 418 3873 me,
432 3801 465 3855 et
486 3783 662 3871 «Suadeo,
680 3784 809 3877 inquit,
831 3809 898 3852 non
917 3785 1052 3877 patiaris
1069 3808 1173 3877 genus
1189 3800 1281 3853 tuum

242 3936 386 4006 interire.
398 3966 416 4000 n
432 3937 477 4004 At
495 3959 574 4029 ego,
596 3934 676 4002 dum
697 3934 782 4001 bene
801 3948 898 4003 natus
915 3956 999 4025 ago,
1019 3947 1051 4001 et
1076 3932 1156 4005 nolo
1177 3934 1281 4002 videri

242 4084 342 4172 levis,
362 4085 432 4176 ipse
449 4082 532 4149 mihi
553 4083 672 4150 asciam
692 4084 728 4148 in
750 4102 826 4175 crus
843 4082 975 4175 impegi.
1002 4086 1120 4167 Recte3
1139 4083 1283 4168 curabo,
1387 4110 1388 4113 ¹
