2817 4684
233 407 271 464 58
515 411 548 464 T.
570 411 750 467 PETRONII
771 408 993 466 smulcon.

233 536 416 624 maculosa,
434 561 494 606 nec
506 538 656 630 turgida,
670 539 727 606 sed
741 513 885 607 naturali
899 536 1149 632 pulchritudine
1164 562 1286 606 exsur-

234 682 292 772 git.
311 683 428 774 Nuper
441 697 578 751 ventosa
590 682 704 751 isthaec
721 697 754 751 et
767 685 912 752 enormis
928 681 1110 774 loquacitas
1129 683 1283 751 Athenas

233 848 273 893 ex
300 825 378 893 Asia
405 827 650 918 commigravit,
676 829 873 922 animosque
894 828 1055 920 juvenum
1083 826 1126 895 ad
1154 850 1282 920 magna
1333 802 1338 806 ¹

234 983 427 1061 surgentes,
443 969 546 1038 veluti
570 969 737 1065 pestilenti
756 970 903 1064 quodam
922 970 1047 1058 sidere,
1066 968 1209 1056 afflavit,
1230 971 1279 1038 si-

233 1112 368 1206 mulque
385 1129 544 1207 corrupta
555 1113 759 1206 'eloquentia
777 1114 891 1208 regula
908 1117 1016 1201 stetit,
1043 1130 1076 1183 et
1095 1111 1279 1183 obmutuit.

232 1257 317 1345 Quis
337 1271 450 1352 postea
465 1258 507 1326 ad
527 1283 689 1327 summam
706 1259 929 1352 Thucydidis,
947 1262 1022 1352 quis
1039 1223 1280 1354 Hyperidis'ad

234 1401 355 1471 famam
369 1402 552 1496 processit?
567 1407 615 1472 Ac
629 1429 671 1472 ne
688 1429 821 1472 carmen
837 1403 971 1497 quidem
985 1405 1056 1470 sani
1074 1402 1194 1472 coloris
1205 1405 1280 1470 eni-

232 1548 312 1614 tuit:
328 1546 385 1616 sed
396 1550 530 1636 omnia,
549 1549 643 1640 quasi
655 1546 772 1616 eodem
784 1548 860 1616 cibo
879 1562 992 1640 pasta,
1009 1573 1078 1616 non
1092 1562 1280 1641 potuerunt
1350 1608 1355 1622 ,

234 1689 387 1783 usquead
397 1706 600 1760 senectutem
610 1717 792 1760 canescere.
803 1694 938 1760 Pictura
951 1716 1085 1785 quoque
1096 1717 1164 1760 non
1174 1691 1280 1760 alium

232 1837 357 1903 exitum
367 1835 461 1922 fecit,
482 1851 660 1930 postquam
670 1837 902 1930 AEgyptiorum
919 1835 1136 1905 audaciatam
1148 1835 1282 1929 magnae

231 1979 313 2046 artis
323 1978 604 2072 compendiariam
615 1981 754 2047 invenit.
767 2021 810 2035 -
821 1977 914 2075 [llaec
926 1978 1069 2072 taliaque
1081 1978 1160 2047 olim
1171 1978 1280 2048 decla·

173 2140 175 2145 ·
230 2122 383 2208 mabam,
401 2147 505 2214 quum
524 2125 752 2215 Agamemnon
772 2124 868 2192 nobis
892 2149 926 2192 se
943 2122 1110 2209 admovit,
1129 2138 1162 2192 et
1177 2122 1279 2193 oculo

232 2259 363 2325 curioso
384 2257 577 2352 inspiciens,
604 2282 703 2350 quem
723 2260 901 2327 conciones
918 2275 985 2327 tam
1004 2258 1197 2352 diligentius
1213 2285 1276 2330 au·
1391 2284 1392 2303 ¹

226 2381 387 2490 diebant,]

620 2518 786 2586 CAPUT
816 2519 884 2586 111.

286 2714 364 2780 Non
392 2725 442 2778 est
472 2705 588 2804 passus
622 2713 879 2804 Agamemnon,
922 2705 975 2779 me
1005 2710 1130 2778 diutius
1163 2709 1276 2778 decla·

231 2850 377 2916 marein
400 2849 551 2942 porticu,
577 2873 677 2941 quam
698 2850 768 2942 ipse
791 2851 826 2916 in
849 2847 962 2916 schola
986 2847 1179 2935 sudaverat3
1198 2848 1275 2915 sed:
1389 2904 1390 2907 ,

232 2984 502 3073 -Adolescens,
528 2989 658 3080 inquit,
685 2987 845 3078 quoniam
871 3010 1056 3054 sermonem
1079 2985 1182 3054 habes
1207 3010 1278 3053 non

230 3121 356 3216 publici
374 3123 516 3215 saporis,
535 3136 584 3209 et,
610 3121 700 3214 quod
726 3122 931 3189 rarissimum
957 3135 1022 3208 est,
1043 3147 1133 3189 amas
1154 3121 1279 3190 bonam
1386 3178 1390 3192 .

230 3275 390 3347 mentem,
407 3285 476 3328 non
495 3258 658 3328 fraudabo
679 3273 711 3326 te
727 3273 799 3327 arte
815 3274 950 3328 secreta.
971 3261 1153 3328 Minimum
1171 3262 1207 3329 in
1224 3261 1278 3328 his

230 3399 522 3467 exercitationibus
549 3396 702 3466 doctores
734 3412 891 3490 peccant,
911 3398 968 3489 qui
997 3423 1128 3467 necesse
1151 3399 1278 3468 habent

231 3561 308 3603 cum
327 3536 569 3604 insanientibus
587 3533 708 3602 furere.
727 3535 814 3602 Nam
831 3533 1042 3623 indixerint,
1059 3560 1132 3627 quae
1149 3535 1278 3605 adoles·

231 3673 355 3742 centuli
386 3673 548 3766 probent,
582 3687 620 3739 ut
643 3673 691 3739 ait
719 3672 854 3758 Cicero,
879 3669 945 3738 soli
971 3675 1005 3740 in
1032 3673 1158 3741 scholis
1178 3673 1278 3742 relin-

229 3825 381 3908 quentur.
416 3812 510 3879 Sicut
538 3810 606 3878 ficti
631 3808 838 3895 adulatores,
865 3833 968 3900 quum
997 3835 1106 3878 coenas
1133 3810 1275 3878 divitum

230 3963 385 4043 captant,
404 3946 488 4017 nihil
509 3949 601 4042 prius
617 3946 841 4032 meditantur,
862 3967 962 4036 quam
979 3944 1032 4033 id,
1051 3946 1141 4037 quod
1156 3961 1277 4038 putant
1382 4031 1387 4047 ι

233 4087 457 4180 gratissimum
476 4083 684 4153 auditoribus
704 4080 774 4148 fore
800 4080 888 4174 (nec
902 4072 994 4150 'enim
1006 4080 1101 4150 aliter
1117 4083 1273 4174 impetra-
