2817 4684
248 413 302 468 188
515 415 548 468 Τ.
569 412 750 470 Pmoun
771 414 992 471 slmlcort

244 539 291 610 illi
304 538 443 634 Cyclops
459 538 610 634 pollicem
626 540 779 635 penicillo
793 541 947 610 extorsit?
963 537 1118 610 Solebam
1129 541 1200 608 haec
1214 564 1292 633 egov

243 705 325 777 puer
341 682 429 777 apud
445 685 626 754 Homerum
645 683 762 777 legere.
780 687 864 755 Nam
881 682 1038 777 Sibyllam
1055 683 1191 778 quidem
1207 687 1281 753 Cu-

242 829 304 895 mis
326 851 387 920 ego
411 828 479 921 ipse
504 825 607 899 oculis
631 791 713 894 meis
731 824 800 894 vidi
823 827 858 893 in
883 824 1028 919 ampulla
1049 826 1208 919 pendere3
1242 842 1279 894 et

243 995 346 1060 quum
365 967 412 1036 illi
430 970 522 1062 pueri
539 967 702 1058 dicerent,
721 946 882 1058 ΣιβῦΝα,
901 979 933 1040 τί
946 965 1075 1056 &item
1097 968 1278 1062 responde-

242 1115 299 1183 bat
317 1113 383 1201 illa,
405 1110 578 1185 ἀποθανεῖν
592 1110 693 1184 θέλω.

589 1985 760 2054 cucur
790 1961 956 2052 ntur.¹

293 2240 453 2310 Nondum
471 2241 638 2311 efflaverat
660 2245 793 2331 omnia,
819 2267 923 2335 quum
942 2243 1176 2336 repositorium
1198 2265 1274 2309 cum

244 2406 301 2450 sue
327 2383 452 2476 ingenti
477 2409 623 2452 mensam
642 2386 827 2478 occupavit.
851 2385 968 2453 Mirari
996 2409 1056 2452 nos
1076 2383 1288 2452 celeritatem

243 2526 419 2619 coepimus,
438 2541 471 2594 et
484 2528 615 2620 jurare,
629 2552 672 2595 ne
687 2525 810 2620 gallum
824 2526 957 2620 quidem
974 2525 1192 2619 gallinaceum
1207 2539 1276 2592 tam

243 2670 309 2740 cito
323 2671 481 2763 percoqui
497 2671 657 2764 potuisse3
672 2684 764 2738 tanto
781 2669 915 2763 quidem
931 2670 1051 2760 magis,
1068 2667 1159 2760 quod
1177 2665 1290 2759 longc-

242 2812 348 2905 major
365 2813 461 2884 nobis
484 2838 604 2908 porcus
627 2814 803 2884 videbatur
826 2837 913 2900 esse,
935 2837 1050 2905 quam*
1067 2811 1168 2905 paulo
1199 2825 1277 2879 aute

240 2980 320 3049 aper
336 2955 451 3026 suerat.
470 2958 599 3027 Deinde
611 2951 723 3052 magis*
735 2959 905 3051 magisque
921 2955 1123 3026 Trimalchio
1143 2958 1276 3024 intuens

242 3125 337 3169 eum:
354 3144 397 3158 -
415 3101 531 3192 Quid?
544 3103 655 3193 Quid?
674 3105 804 3196 inquit,
819 3127 939 3196 porcus
953 3102 1009 3170 hic
1028 3116 1161 3171 nonest
1177 3126 1276 3170 exen-

242 3244 384 3313 teratus?
401 3247 495 3348 Non,
514 3272 567 3315 me
585 3243 758 3316 Hercules!
780 3261 838 3316 est.
857 3249 968 3334 Voce,
989 3271 1070 3314 voca
1093 3270 1212 3315 cocum
1238 3247 1273 3312 in

240 3386 360 3455 medio.
370 3390 542 3476 -Quum
556 3377 756 3458 constitisset
766 3388 808 3457 ad
824 3415 971 3459 mensam
987 3413 1085 3458 cocus
1103 3391 1224 3476 tristis,
1242 3403 1276 3456 et

238 3519 377 3612 diceret,
404 3549 438 3593 se
460 3524 601 3593 oblitum
634 3551 703 3594 esse
727 3541 934 3594 exenterare:
955 3565 998 3580 -
1016 3523 1108 3612 Quid
1131 3523 1277 3593 oblitus?

239 3659 440 3729 Trimalchio
466 3660 648 3748 exclamat3
676 3675 792 3755 putes,
815 3659 907 3730 illum
931 3662 1026 3755 piper
1048 3675 1081 3729 et
1104 3662 1275 3729 cuminum

239 3821 307 3916 non
332 3797 534 3902 conjecisse?
556 3797 713 3893 despolia.
733 3839 777 3853 -
801 3799 880 3868 Nou
909 3797 947 3865 fit
972 3822 1086 3866 mora:
1115 3794 1276 3891 despolia-

164 3919 167 3923 ’
239 3948 293 4001 tur
324 3957 443 4021 cocus,
472 3950 574 4030 atique
596 3936 683 4004 inter
709 3934 792 4004 duos
827 3949 966 4003 tortores
997 3947 1132 4002 moestus
1167 3935 1273 4001 consi·

238 4071 301 4136 stit.
329 4073 512 4163 Deprecari
533 4086 642 4140 tamen
664 4094 779 4140 omnes
804 4086 991 4164 coeperunt,
1018 4085 1050 4137 et
1076 4070 1206 4138 dicere:
1228 4111 1271 4120 -
1389 4077 1390 4082 ’
