2817 4684
250 428 305 485 218
524 431 557 484 T.
578 428 757 485 PETRONII
777 428 1001 485 struncon.

249 580 349 625 crone
375 555 478 623 frusta
506 551 656 646 collegit,
682 554 944 646 mirantibusque
967 552 1108 621 vitulum
1137 556 1281 647 partitus

248 714 306 767 est.

624 1229 794 1295 CAPUT
826 1228 905 1293 LX.

294 1460 364 1528 Nec
376 1459 435 1527 diu
450 1462 563 1529 mirari
577 1460 672 1529 licuit
690 1476 757 1529 tam
770 1459 934 1553 elegantes
950 1459 1118 1554 strophas3
1136 1483 1214 1526 nam
1228 1482 1283 1545 re-

245 1615 344 1694 pente
360 1600 528 1671 lacunaria
553 1629 671 1672 sonare
690 1618 879 1696 coeperunt,
901 1617 1073 1695 totumque
1096 1600 1281 1671 triclinium

247 1743 425 1811 intremuit.
444 1746 681 1814 Consternatus
698 1770 760 1837 ego
779 1746 960 1831 exsurrexi,
979 1760 1012 1813 et
1029 1746 1139 1830 timui,
1161 1768 1203 1811 ne
1218 1768 1282 1836 per

246 1898 368 1954 tectum
380 1889 627 1981 petauristarius
646 1888 764 1981 aliquis
783 1878 1010 1956 descenderet:
1033 1913 1092 1955 nec
1101 1887 1211 1954 minus
1225 1911 1281 1953 re-

246 2027 329 2121 liqui
336 2031 482 2097 eonvivae
489 2032 646 2098 mirantes
657 2038 786 2099 erexere
797 2028 927 2115 vultus,
940 2043 1164 2123 exspectantes
1175 2027 1276 2120 ,quid

247 2172 325 2238 novi
341 2170 382 2239 de
399 2170 482 2240 coelo
500 2174 720 2241 nuntiaretur.
738 2176 822 2241 Ecce
839 2186 949 2241 autem
968 2172 1127 2241 deductus
1144 2171 1279 2239 lacuna·

247 2315 338 2382 ribus
351 2313 461 2382 subito
472 2313 615 2383 circulus
630 2316 765 2406 ingenS,
781 2314 821 2382 de
835 2340 920 2408 cupa
934 2314 1084 2385 videlicet
1096 2314 1214 2406 grandi
1227 2338 1279 2380 ex·

244 2481 357 2524 cussus
368 2458 585 2545 ,demittitur‚
599 2460 693 2552 cujus
702 2485 762 2552 per
770 2475 874 2528 totum
884 2458 998 2526 orbem
1008 2481 1138 2525 coronae
1151 2480 1276 2541 aureae,

246 2625 322 2668 cum
342 2597 513 2669 alabastris
527 2604 706 2694 unguenti,
724 2602 922 2695 pendebant.
941 2604 1030 2669 Dum
1048 2600 1117 2667 haec
1131 2597 1278 2692 apopho-

245 2758 315 2810 reta
331 2743 486 2835 jubemur
503 2770 647 2832 sumere,
667 2746 860 2839 respicimus
876 2744 919 2813 ad
938 2768 1104 2811 mensam:
1121 2742 1190 2835 jam
1212 2739 1277 2808 illic

244 2887 477 2979 repositorium
496 2912 572 2954 cum
588 2885 747 2979 placentis
765 2887 891 2981 aliquot
917 2902 986 2956 erat
1004 2886 1167 2983 positum,
1188 2882 1277 2975 quod

245 3028 389 3097 medium
403 3029 558 3121 Priapus,
577 3054 596 3096 a
617 3031 742 3122 pistore
761 3029 886 3115 factus,
916 3030 1065 3115 tenebat,
1087 3028 1277 3120 gremioque

237 3172 321 3239 satis
339 3170 449 3264 amplo
459 3172 566 3238 omnis
584 3174 712 3263 generis
723 3197 822 3265 poma
834 3186 866 3240 et
885 3198 963 3241 uvas
973 3173 1155 3240 sustinebat
1165 3225 1175 3259 ‚
1187 3197 1276 3239 more

243 3313 388 3409 vulgato,
411 3314 549 3396 Avidius
565 3316 779 3411 ad-pompam
795 3343 913 3386 manus
930 3320 1153 3411 porreximus,
1180 3333 1214 3385 et
1229 3342 1276 3384 re·

244 3478 342 3556 pente
354 3488 441 3532 nova
460 3462 615 3533 ludorum
624 3465 772 3532 remissio
787 3463 985 3533 hilaritatem
1000 3466 1054 3533 hic
1066 3465 1190 3533 refecit.
1202 3468 1276 3533 Om-

245 3635 302 3679 nes
314 3612 402 3678 enim
414 3609 588 3704 placentae,
603 3613 780 3704 omniaque
792 3638 909 3705 poma,
923 3612 1021 3679 etiam
1034 3614 1171 3679 minima
1183 3636 1277 3678 vexa·

245 3759 336 3825 tione
363 3772 535 3841 contacta,
555 3772 725 3851 coeperunt
748 3757 917 3827 effundere
947 3783 1100 3839 crocum,
1120 3774 1153 3827 et
1173 3782 1274 3850 usque

244 3904 285 3971 ad
297 3929 357 3972 nos
369 3903 524 3973 molestus
533 3905 654 3972 humor
671 3905 833 3973 accedere.
855 3908 931 3974 Rati
950 3930 1048 3998 ergo,
1065 3930 1194 3997 sacrum
1209 3929 1275 3972 esse

244 4052 435 4138 fericulum,
455 4068 525 4119 tum
545 4052 697 4143 religioso
715 4068 875 4144 apparatu
902 4053 1044 4145 perfusi,
1073 4051 1276 4119 consurrexi·
1390 4122 1391 4143 ἓ
