2817 4684
267 371 319 441 176
544 374 576 426 T.
599 373 778 427 PETRONlI
799 372 1021 427 SATYRICON.

264 494 432 562 mulierem
456 495 667 578 essedariam,
695 511 728 563 et
755 496 1013 589 dispensatorem
1033 494 1212 588 GlyconiS,
1243 501 1304 590 qui

264 637 487 730 deprehensus
500 651 569 722 cst,
584 662 687 729 quum
701 638 868 705 dominam
889 661 981 705 suam
999 635 1227 707 delectaretur.
1246 642 1304 707 Ri-

263 781 355 848 debis
365 780 479 874 populi
486 782 590 849 rixam
597 783 684 849 inter
693 781 875 876 zelotypoS,
887 797 919 850 et
930 782 1184 851 amasiunculos.
1195 783 1304 876 Glyco

263 941 393 1010 autem,
424 928 641 995 sestertiarius
668 926 791 1012 borno,
822 925 1081 1019 dispensatorem
1106 927 1149 996 ad
1182 928 1303 996 bestias

263 1069 364 1138 dedit.
388 1075 457 1139 Hoc
474 1085 542 1156 est,
561 1096 594 1139 se
612 1073 721 1164 ipsum
741 1069 922 1139 traducere.
939 1070 1032 1160 Quid
1045 1095 1165 1170 ‚servus
1181 1098 1302 1166 pecca·

265 1216 328 1299 vit,
342 1216 400 1307 qui
410 1180 543 1283 coactus
555 1230 604 1284 est
618 1214 751 1284 facere?
768 1216 873 1307 magis
891 1214 946 1283 illa
965 1214 1096 1288 matella
1109 1215 1211 1309 digna
1226 1217 1303 1304 fuit,

265 1384 366 1450 quam
382 1373 495 1427 taurus
510 1359 660 1451 jactaret.
681 1359 747 1430 Sed
762 1361 820 1452 qui
839 1361 969 1428 asinum
987 1385 1056 1428 uon
1074 1375 1201 1455 potest,
1222 1376 1304 1429 stra-

266 1517 336 1570 tum
358 1503 463 1570 caedit.
490 1502 582 1590 Quid
610 1518 721 1572 autern
747 1501 876 1597 Glycon
903 1503 1061 1600 putabat,
1089 1507 1304 1596 Hermogenis

266 1645 367 1714 filiam
387 1672 535 1739 unquam
556 1648 682 1715 bonum
703 1649 828 1715 exitum
849 1645 1036 1715 facturam?
1053 1646 1112 1715 Ille
1130 1647 1233 1716 milvo
1251 1675 1306 1716 vo-

267 1787 350 1857 lanti
363 1804 493 1883 poterat
507 1815 635 1883 ungues
653 1815 810 1859 resecare.
824 1787 970 1858 Colubra
989 1805 1107 1858 restem
1123 1816 1190 1857 non
1209 1793 1304 1884 parit.
1380 1857 1381 1862 ,

268 1933 374 2028 Glyco
391 1934 482 2003 dedit
499 1960 596 2004 suum
613 1961 671 2004 os:
691 1938 822 2028 itaque,
845 1936 1003 2028 quamdiu
1017 1937 1154 2021 vixerit,
1173 1935 1306 2004 habebit

268 2081 440 2171 stigmam,
460 2106 521 2149 nec
536 2079 625 2150 illam
643 2061 708 2149 nisi
721 2085 830 2151 Orcus
844 2079 987 2149 delebit:
1009 2080 1066 2148 sed
1082 2081 1144 2148 sibi
1168 2071 1320 2196 quisquel
1380 2161 1381 2190 3

269 2245 393 2322 peccat.
408 2229 472 2300 Sed
492 2230 695 2317 subolfacio,
714 2231 805 2324 quod
825 2231 920 2299 nobis
938 2230 1072 2325 epulum
1097 2232 1236 2299 daturus
1261 2247 1306 2300 est
1380 2251 1381 2314 g

269 2382 452 2466 Mammea,
468 2381 566 2448 binos
578 2379 731 2448 denarios
749 2379 851 2464 mihi,
872 2394 906 2446 et
919 2381 1009 2446 meis.
1023 2379 1124 2467 Quod
1142 2381 1168 2445 si
1185 2379 1251 2447 hoc
1263 2380 1279 2446 f
1292 2421 1305 2432 -

270 2528 369 2613 cerit,
392 2529 510 2621 eripiat
529 2528 689 2596 Norbano
716 2541 821 2597 totum
845 2526 1008 2596 favorem:
1028 2529 1128 2615 scias,
1154 2544 1305 2621 oportet,

270 2677 376 2770 plenis
397 2677 477 2745 velis
499 2677 590 2745 hunc
613 2692 796 2745 vecturum.
822 2679 864 2744 Et
880 2701 1012 2762 revera,
1030 2677 1111 2768 quid
1135 2675 1190 2746 ille
1214 2678 1306 2744 nobis

273 2829 354 2895 boni
374 2827 474 2895 fecit?
496 2827 597 2896 Dedit
616 2826 814 2919 gladi-atores
841 2829 1073 2913 sestertiarios,
1098 2828 1168 2920 jam
1195 2827 1304 2897 decre·

271 2979 377 3069 pitos3
394 3002 478 3070 quos
497 2978 524 3044 si
546 2976 726 3059 sufflasseS,
748 2976 958 3046 cecidissent:
975 2977 1044 3067 jam
1064 2975 1215 3044 meliores
1236 2978 1304 3046 bes·

271 3127 384 3194 tiarios
403 3125 471 3193 vidi
495 3125 601 3194 occidi
622 3125 662 3193 de
683 3124 842 3210 lucerua,
871 3122 1059 3215 etquidem
1090 3139 1223 3217 putares
1253 3151 1303 3193 eos

269 3275 373 3370 gallos
389 3273 596 3369 gallinaceos.
615 3274 706 3342 Alter
720 3273 864 3368 gurdus,
881 3283 967 3358 atta,
985 3271 1068 3340 alter
1083 3270 1223 3366 loripes:
1243 3289 1302 3342 ter·

270 3430 385 3497 tiarius
402 3443 552 3496 mortuus
565 3453 626 3522 pro
645 3441 795 3512 mortuo,
815 3427 873 3519 qui
890 3426 1006 3494 habuit
1027 3427 1140 3494 nervia
1159 3429 1300 3519 praecisa.

176 3622 178 3627 -
270 3577 366 3642 Unus
383 3573 522 3666 alicujus
540 3587 673 3641 statura
697 3572 759 3640 fuit
777 3573 897 3658 thrax,
916 3574 973 3665 qui
990 3587 1023 3640 et
1041 3574 1111 3665 ipse
1124 3572 1167 3640 ad
1185 3573 1301 3642 dictata

270 3722 451 3813 pugnavit3
470 3720 512 3788 ad
530 3745 708 3805 summam,
729 3743 842 3787 omnes
861 3733 974 3811 postea
999 3719 1077 3785 secti
1096 3734 1196 3805 sunt,
1222 3720 1300 3788 adeo

171 3881 174 3887 '
269 3872 311 3939 de
325 3895 446 3963 magna
458 3870 555 3938 turba
567 3895 606 3937 ac
619 3870 735 3936 hebete
747 3882 969 3953 accesserant,
990 3866 1088 3960 plane
1098 3867 1183 3960 fugae
1196 3894 1296 3936 merae.
1377 3869 1378 3882 ¹

272 4021 398 4089 Munus
421 4034 547 4103 tamen,
582 4019 707 4109 inquit,
738 4017 797 4084 tibi
827 4015 918 4083 dedi:
937 4030 970 4082 et
993 4039 1054 4107 ego
1081 4015 1296 4108 tibiplaudo.
