2817 4684
153 472 158 481 Ι
240 386 305 482 1181
515 392 548 444 Τ.
569 389 748 446 PETRONII
770 389 997 444 SATYRICON.

236 506 435 608 partorum
458 515 651 600 marcentis,
678 539 851 584 excussum
880 513 967 586 forte
994 513 1093 590 altius
1119 512 1288 607 poculum
1394 593 1395 598 ἵ

238 668 339 754 caput
354 660 471 754 liegit3
490 661 534 730 ad
550 685 649 754 quem
664 663 767 728 ictum
784 659 980 730 exclamavit
996 658 1068 747 illa,
1086 661 1291 757 pariterque
1394 705 1395 716 κ

238 816 272 872 et
282 802 371 871 fures
387 801 552 896 prodidit,
566 817 601 871 et
615 816 743 896 partem
757 802 924 870 ebriorum
941 803 1105 869 excitavit.
1120 803 1196 894 Syri
1212 799 1288 887 illi,
1394 847 1395 850 κ

239 948 297 1040 qui
314 962 475 1015 venerant
490 944 533 1014 ad
550 945 712 1040 predam,
735 960 912 1039 postquam
930 970 965 1013 se
982 929 1203 1038 deprehensos
1230 947 1290 1012 in·
1394 923 1395 958 ³

239 1089 448 1176 tellexerunt‚
476 1092 599 1185 pariter
627 1088 810 1160 secundum
834 1087 955 1164 lectum
981 1089 1216 1176 conciderunt,
1248 1104 1290 1156 ut
1394 1163 1395 1172 χ

239 1249 372 1328 putares
387 1234 452 1303 hoc
476 1236 686 1321 convenisse,
704 1249 738 1302 et
757 1248 908 1319 stertere,
928 1248 1089 1325 tanquam
1105 1231 1185 1300 olim
1203 1233 1289 1300 dor·
1394 1209 1395 1246 ³

239 1383 402 1468 mientes,
427 1396 607 1474 coeperunt.
635 1384 710 1455 Jam
742 1396 774 1448 et
802 1378 1041 1450 tricliniarches
1069 1397 1287 1474 experrectus
1394 1469 1395 1494 ἦ

241 1522 384 1593 lucernis
401 1525 628 1594 occidentibus
644 1525 754 1594 oleum
768 1525 950 1611 infuderat,
971 1540 1004 1594 et
1017 1526 1127 1619 pueri,
1143 1525 1286 1594 detersis
1394 1511 1395 1540 ⁴

240 1667 407 1763 paulisper
421 1668 536 1756 oculis,
546 1669 713 1739 redierant
726 1668 769 1736 ad
783 1670 1013 1756 ministerium,
1029 1693 1133 1760 quum
1151 1670 1286 1738 intrans

241 1811 481 1905 cymbalistria,
502 1828 536 1882 et
554 1837 758 1906 concrepans
774 1837 855 1898 acra,
873 1837 987 1882 omnes
1005 1813 1172 1882 excitavit..

591 2312 758 2378 CAPUT
790 2311 934 2376 XXIII.

292 2501 463 2573 Refectum
480 2505 644 2596 igiturest
663 2504 870 2588 convivium,
887 2515 919 2569 et
936 2499 1049 2568 rursus
1059 2497 1225 2589 Quartilla
1240 2499 1282 2566 ad

243 2646 426 2716 hibendum
449 2649 625 2716 revocavit.
646 2647 784 2739 Adiuvit
804 2644 1003 2714 hilaritatem
1026 2645 1283 2713 comessantium
1394 2657 1395 2670 *

245 2790 478 2884 cymbalistria.
498 2780 607 2860 Intrat
623 2789 784 2876 cinaedus,
810 2789 912 2856 homo
933 2790 1084 2856 omnium
1103 2786 1280 2855 insulsissi-

246 2959 339 3020 mua,
357 2951 390 3004 et
407 2935 504 3030 plane
524 2934 581 3004 illa
598 2934 697 3002 domo
717 2933 858 3025 dignus,
879 2934 938 3023 qui
958 2947 995 2999 ut
1011 2931 1161 3000 infractis
1179 2935 1284 3003 mani-

245 3078 308 3146 bus
328 3081 534 3171 congemuit,
552 3077 714 3175 ejusmodi
735 3079 882 3148 carmina
896 3075 1034 3144 effudit:

342 3352 406 3408 Huc
421 3355 476 3408 huc
488 3353 638 3410 convenite
656 3371 746 3421 nunc,
761 3352 987 3425 spatalocinaedi,

342 3479 418 3535 Pede
434 3478 560 3549 tendite,
578 3495 690 3533 crrrsum
707 3477 817 3547 addite,
836 3480 987 3534 convolate
1004 3479 1102 3552 planta
1111 3519 1120 3548 ,

341 3607 462 3663 Femore
474 3569 567 3673 facili,
586 3607 669 3660 clune
680 3603 763 3678 agili,
779 3615 807 3659 et
820 3623 906 3660 manu
920 3621 1071 3678 procaces,

343 3733 462 3802 Molles,
476 3743 600 3800 veteres,
615 3731 726 3786 Deliaci
744 3749 828 3784 manu
843 3731 933 3785 recisi.

303 4047 492 4121 Consumtis
519 4046 667 4114 versibus
696 4046 778 4131 suis,
809 4041 1086 4112 immundissimo
1101 4069 1152 4112 me
1189 4044 1274 4112 basio
