2817 4684
243 362 297 419 15²
525 369 557 422 Τ.
579 366 760 425 PETRONII
780 363 1001 424 sfflmcon.

566 835 723 904 CAPUT
754 833 972 904 XXXVIII.

228 1135 234 1152 .
291 1083 363 1152 Nec
379 1092 444 1170 est,
464 1081 556 1178 quod
577 1097 690 1178 putes,
710 1077 805 1154 illum
824 1060 1009 1178 quidquant
1029 1104 1151 1167 emere;
1175 1079 1300 1146 omnia
1320 1137 1331 1147 .

243 1222 334 1295 domi
351 1242 554 1298 nascuntur:
575 1226 667 1317 lana,
685 1254 779 1318 oerae,
799 1231 908 1324 piper,
926 1242 960 1296 et
977 1224 1029 1296 lac
1046 1225 1301 1320 gallinaceum²

245 1373 272 1438 si
281 1373 463 1464 quaesieris,
476 1373 635 1441 invenies.
649 1372 701 1442 Ad
717 1397 896 1460 summam,
911 1395 1032 1467 parum
1049 1367 1097 1438 illi
1108 1369 1198 1438 bona
1212 1365 1304 1434 lana

245 1516 468 1604 nascebatur,-
486 1519 604 1586 arietes
623 1543 644 1586 a
666 1520 812 1589 Tarento
834 1510 991 1586 emendos
1009 1515 1139 1584 curavit
1156 1515 1192 1580 in
1215 1530 1299 1605 gre-

246 1679 332 1750 gem.
352 1656 420 1727 Mel
438 1662 575 1728 atticum
596 1663 634 1728 ut
655 1659 747 1729 domi
768 1675 974 1748 nasoeretur,
994 1683 1072 1752 apes
1089 1658 1131 1726 ab
1149 1655 1300 1725 Athenis
1379 1685 1380 1688 ¹

243 1805 342 1896 jussit
364 1803 475 1873 afferri
502 1806 572 1902 (ob
591 1806 624 1875 id
644 1822 699 1895 ut,
720 1805 906 1875 vemaeulae
935 1830 1009 1898 quae
1033 1818 1132 1890 sunt,
1155 1797 1297 1870 melius·
1379 1853 1380 1924 ἦ

245 1946 328 2017 culae
346 1975 366 2016 a
384 1949 546 2019 Graeculis
564 1950 678 2046 fiant).
697 1955 783 2020 Ecce
802 1951 891 2018 intra
909 1949 973 2020 hos
991 1949 1061 2017 dies
1081 1947 1234 2041 scripsit,
1257 1960 1299 2013 ut
1379 1949 1380 1958 ³

248 2089 297 2158 illi
321 2116 361 2160 ex
378 2091 476 2160 India
493 2117 604 2161 semen
625 2093 813 2163 boletorum
835 2095 1037 2179 mitteretun5
1063 2116 1142 2160 nam
1165 2088 1296 2158 mulam
1379 2059 1380 2134 l

248 2235 383 2330 quidem
402 2235 529 2304 nullam
545 2237 661 2325 habet,
682 2261 757 2331 quae
774 2261 843 2306 non
862 2263 904 2306 ex
918 2261 1046 2330 onagro
1067 2247 1146 2304 nata
1163 2237 1216 2303 sit.
1240 2235 1299 2301 vi-

249 2377 306 2446 des
323 2393 373 2447 tot
392 2377 550 2448 culcitas?
567 2379 669 2451 Nulla
688 2406 757 2450 non
777 2397 835 2451 aut
855 2381 1119 2475 conchyliatum,
1139 2393 1198 2448 aut
1215 2403 1295 2446 coc·
1379 2453 1380 2472 ζ

250 2523 381 2608 cineum
401 2539 585 2596 tomentum
603 2527 715 2595 habet.
735 2529 843 2596 Tanta
859 2541 908 2596 est
928 2526 1058 2594 homini
1077 2522 1272 2594 beatitudo!
1379 2575 1380 2610 3

301 3090 459 3186 Reliquos
495 3107 605 3161 autem
647 3089 835 3162 collibertos
868 3068 938 3186 ejue
976 3115 1055 3183 eave
1087 3105 1291 3159 contemnas.

253 3244 359 3315 Valde
380 3249 506 3315 succosi
529 3261 618 3315 sunt.
634 3247 736 3316 Vides
758 3246 869 3334 illum,
899 3249 958 3340 qui
983 3249 1018 3314 in
1038 3249 1106 3314 imo
1129 3247 1215 3314 imus
1242 3269 1293 3312 re·

253 3399 404 3470 cumbit?
421 3400 522 3470 hodie
540 3419 600 3471 sua
619 3404 811 3494 octingenta
833 3401 1001 3496 possidet3
1022 3399 1064 3468 de
1090 3397 1196 3468 nihilo
1223 3421 1294 3466 cre·

254 3557 330 3623 vit:
358 3554 484 3626 solebat
506 3555 592 3626 collo
617 3557 718 3627 modo
738 3582 798 3628 suo
820 3556 911 3652 ligna
931 3571 1075 3651 portare.
1100 3548 1190 3643 Sed,
1211 3579 1296 3648 quo·
1379 3601 1380 3608 κ

254 3711 355 3779 modo
377 3711 496 3780 dicunt
514 3713 590 3807 (ego
614 3711 697 3781 nihil
720 3715 799 3801 scio,
818 3712 874 3782 sed
893 3711 1046 3806 audivi),
1065 3736 1170 3804 quum
1196 3708 1294 3786 modo
1379 3775 1380 3778 ,

254 3867 415 3935 incuboni
436 3864 560 3959 pileum
578 3867 758 3960 rapuisset,
780 3867 971 3934 thesaurum
991 3865 1128 3934 invenit.
1148 3867 1219 3956 Ego
1239 3885 1295 3928 ne·

256 4022 336 4092 mini
357 4019 510 4107 invideo,
529 4023 643 4112 siqua
668 4018 882 4089 deusdedit:
902 4033 951 4091 eat
970 4032 1079 4089 tamen
1099 4019 1161 4088 sub
1183 4017 1292 4110 alapa,
