2817 4684
259 416 315 473 250
536 421 569 473 T.
590 420 768 477 PETRONII
790 418 1025 483 snTYRlCQNu

180 627 183 632 .
256 545 434 637 sponsione
457 569 656 637 provocare,
682 549 710 615 si
735 549 886 640 prasinus
908 548 1068 641 proximis
1086 548 1289 620 circensibus

256 689 395 781 primam
422 686 563 781 palmam
567 741 635 757 ......

609 1710 771 1778 CAPUT
802 1710 936 1778 LXXI.

305 1915 454 1988 Diffusus
471 1920 534 1986 hac
553 1919 767 1987 contentione
783 1916 1006 2000 Trimalchio,
1028 1956 1069 1973 -
1087 1916 1217 2001 Amici,
1237 1916 1290 1981 in·

196 2112 199 2117 -
258 2062 349 2153 quit,
373 2076 405 2128 et
428 2062 512 2129 servi
533 2062 682 2129 homines
703 2074 799 2147 sunt,
819 2062 856 2149 ets
870 2084 962 2152 aeque
983 2082 1087 2127 uuum
1107 2058 1225 2127 lactem
1244 2056 1290 2124 bi·

256 2203 395 2287 berunt,
420 2206 546 2272 etiamsi
566 2200 638 2271 illos
665 2203 771 2271 malus
798 2202 884 2272 latus
915 2204 1141 2299 oppresserit:
1162 2216 1291 2285 tamen,
1382 2236 1383 2241 κ

257 2369 310 2414 me
326 2344 431 2430 salvo,
452 2347 519 2413 cito
539 2370 661 2439 aquam
678 2344 814 2415 liberam
831 2346 1022 2439 gustabunt.
1044 2345 1093 2415 Ad
1111 2368 1290 2427 summam,

258 2510 372 2555 omnes
394 2486 466 2556 illos
495 2490 530 2556 in
558 2503 754 2557 testamento
772 2514 846 2558 meo
864 2490 1072 2558 manumitto.
1099 2486 1292 2582 Philargyro

257 2630 355 2697 etiam
377 2628 517 2699 fundum
541 2630 634 2724 lege,
660 2647 694 2701 et
712 2629 983 2700 contubernalem
1013 2657 1115 2699 suam.
1137 2632 1291 2701 Carrioni

256 2799 389 2867 quoque
405 2775 567 2860 insulam,
582 2791 615 2844 et
627 2778 836 2861 vicesimam,
851 2791 884 2844 et
898 2775 1019 2844 lectum
1038 2790 1189 2849 stratum.
1208 2777 1292 2845 Nam

257 2922 472 2987 Fortunatam
496 2944 601 2987 meam
626 2919 781 2987 heredem
803 2918 907 3004 facio,
926 2934 960 2985 et
982 2917 1177 2989 commendo
1205 2916 1292 2986 illam

258 3060 411 3138 omnibus
435 3062 549 3127 amicis
568 3062 648 3128 meis
669 3088 677 3127 :
698 3076 735 3128 ‘et
749 3061 822 3129 lraec
849 3062 960 3129 omnia
979 3058 1112 3154 publico
1132 3059 1230 3146 idco,
1259 3074 1293 3126 ut

249 3203 382 3272 familia
398 3229 470 3272 mea
483 3204 553 3296 jam
570 3211 660 3272 nunc'
674 3207 721 3273 sic
738 3230 791 3273 me
808 3218 915 3290 amet,
936 3218 1095 3297 tanquam
1115 3218 1291 3271 mortuum.

229 3322 233 3332 .
260 3348 446 3417 -Gratias
466 3371 562 3439 agere
581 3372 694 3415 omnes
716 3345 930 3439 indulgentiae
950 3360 1119 3441 coeperant
1147 3344 1292 3429 domini,

258 3515 361 3583 quum
380 3488 453 3577 ille,
473 3488 595 3558 oblitus
611 3513 796 3581 nugarum,
815 3487 981 3582 exemplar
995 3489 1183 3557 testamenti
1198 3488 1293 3580 jussit

260 3633 387 3720 afferri,
405 3649 439 3702 et
458 3649 563 3702 totum
584 3658 603 3702 a
623 3635 731 3727 primo
750 3633 792 3701 ad
810 3632 980 3718 ultimum,
998 3632 1263 3725 ingemiscentes
1282 3672 1294 3684 ·

260 3776 367 3864 milia,
387 3779 546 3846 recitavit.
566 3778 757 3871 Respiciens
783 3776 901 3844 deinde
926 3776 1134 3861 Habinnam,
1147 3775 1292 3867 -Quid

262 3923 361 4007 dicis,
390 3923 518 4013 inquit,
542 3923 646 3990 amice
670 3919 858 3989 carissime?
877 3918 1019 3987 aedilicas
1043 3934 1293 3991 monumentum

263 4093 389 4154 meum,
407 4065 684 4158 quemadmodum
714 4080 744 4133 te
762 4065 866 4156 jussi?
885 4064 988 4133 Valde
1007 4080 1039 4133 te
1060 4090 1161 4157 iugc,
1188 4080 1225 4133 ut
1246 4088 1293 4131 se·
1372 4046 1378 4075 ⁴
