2817 4684
261 381 322 436 ²28
539 382 572 434 T.
593 380 777 434 PETRONII
798 380 1023 434 SATYRICON.

259 532 345 593 rem,
363 521 522 597 tanquam
539 506 604 573 hoe
621 505 694 575 loco
713 506 862 599 (salvum
887 510 947 593 sit,
962 508 1053 600 quod
1071 507 1213 600 tango),
1234 532 1309 573 me-

258 651 348 720 diam
374 650 511 743 trajecit.
532 648 692 719 Audimus
712 652 887 742 gemitum,
907 666 939 719 et
958 650 972 745 (
989 650 1087 743 plane
1111 676 1179 719 non
1205 677 1308 719 men·

258 798 357 890 tiar),
377 797 464 889 ipsas
473 801 542 863 n'on
553 793 706 862 vidimus.
724 798 811 863 Baro
829 810 939 863 autem
960 810 1071 863 noster
1094 798 1308 863 introversus

256 966 291 1009 se
306 940 446 1033 projecit
463 940 498 1007 in
510 937 651 1025 lectum,
671 953 705 1006 et
720 962 840 1034 corpus
854 952 961 1006 totum
977 936 1118 1049 lividum
1134 939 1305 1027 habebat,

256 1083 352 1176 quasi
372 1079 508 1174 flagellis
527 1105 647 1167 caesus,
667 1080 758 1174 quod
784 1078 907 1149 scilicet
926 1078 1020 1148 illum
1037 1083 1192 1174 tetigerat
1210 1082 1305 1150 mala

200 1217 207 1224 ,
255 1252 383 1295 manus.
402 1227 487 1313 Nos,
508 1223 619 1292 clauso
638 1225 744 1308 ostio,
763 1222 908 1292 redimus
930 1225 1050 1292 iterum
1065 1224 1108 1292 ad
1126 1225 1303 1313 officium3

251 1370 315 1440 sed
325 1423 335 1458 ,
345 1369 426 1439 dum
439 1384 544 1438 mater
555 1367 757 1462 amplexaret
768 1392 889 1464 corpus
905 1366 965 1436 filii
982 1370 1050 1457 sui,
1066 1372 1190 1462 tangit,
1204 1386 1238 1438 et
1247 1373 1304 1437 vi·

255 1515 311 1584 det
324 1511 548 1583 manuciolum
564 1511 605 1580 de
622 1513 810 1580 stramentis
826 1510 964 1580 factum:
982 1538 1050 1581 non
1065 1538 1122 1580 eor
1134 1514 1302 1601 habebat,

256 1684 324 1727 non
342 1658 518 1743 intestina,
537 1681 606 1724 non
626 1654 831 1749 quidquam:
850 1654 973 1723 scilicet
988 1656 1057 1749 jam
1077 1658 1186 1749 strigae
1211 1684 1299 1752 pue-

255 1826 330 1870 rum
344 1800 589 1888 involaverant,
608 1815 642 1869 et
661 1815 904 1894 supposuerant
920 1803 1177 1871 stramentitium
1195 1830 1298 1873 vava-

256 1958 378 2012 tonem.
390 1945 485 2034 Rogo
499 1966 573 2029 vos,
585 1954 736 2035 oportet,
749 1938 900 2027 credatis,
917 1928 995 2011 sunt
1011 1941 1163 2013 mulieres
1182 1943 1297 2039 plures

255 2089 344 2173 sciae,
365 2100 444 2153 sunt
463 2098 653 2170 nocturnae,
672 2099 707 2153 et
723 2083 815 2176 quod
833 2108 962 2153 sursum
982 2101 1049 2173 est,
1067 2087 1222 2156 deorsum
1244 2090 1295 2157 fa·

254 2231 357 2297 ciunt.
380 2230 534 2297 Ceterum
547 2225 629 2295 baro
645 2223 698 2294 ille
718 2225 855 2319 longus,
875 2242 950 2321 post
966 2226 1295 2318 hocfactum,nu11-

255 2395 356 2464 quam
375 2368 494 2438 coloris
514 2370 565 2436 sui
581 2367 660 2455 fuit3
678 2369 779 2437 immo
799 2383 874 2463 post
892 2392 1014 2464 paucos
1033 2368 1101 2439 dies
1124 2372 1295 2466 phreneti-

255 2537 313 2580 cus
328 2512 436 2605 periit.
547 2541 552 2545 ·

607 3554 769 3621 CAPUT
801 3554 936 3621 LXIV.

306 3766 472 3832 Miramur
512 3788 602 3849 nos,
639 3778 673 3831 et
704 3765 829 3856 pariter
866 3762 1055 3850 credimus,
1085 3762 1291 3855 osculatique

251 3922 415 3989 mensam,
434 3926 588 3994 rogamus
607 3914 807 3988 nocturnas,
826 3916 864 3968 ut
881 3901 948 3968 suis
974 3924 1008 3968 se
1026 3915 1180 3987 teneant,
1210 3898 1289 3967 dum
1384 3946 1385 3985 ,

250 4040 394 4108 redimus
415 4064 433 4106 a
450 4064 554 4107 coena.
574 4040 618 4106 Et
634 4062 713 4106 sane
729 4038 798 4129 jam
812 4035 953 4105 lucernae
970 4033 1051 4104 mihi
1073 4036 1185 4131 plures
1202 4035 1289 4104 vide·
