2817 4684
253 427 306 478 172
527 417 561 469 T.
583 411 764 469 PETRONll
785 415 1009 471 SATYRICON.

249 537 411 606 habuisse.
437 543 478 607 Et
502 567 601 633 (luam
626 542 814 634 benignus?
838 541 1031 629 resalutare,
1055 546 1192 611 nomina
1218 568 1288 610 om·
1384 516 1385 586 l

248 683 341 749 nium
359 683 513 770 reddere,
532 699 691 780 tanquam
709 713 795 756 unus
812 685 853 756 de
872 687 978 755 nobis.
998 692 1114 781 Itaque
1129 686 1185 755 illo
1207 702 1289 755 tem·
1384 705 1385 740 1

247 851 328 917 pore
345 852 481 896 annona
500 854 562 921 pro
582 828 652 898 luto
670 845 750 898 erat.
773 833 852 898 Asse
865 853 1005 922 panem,
1024 855 1122 922 quem
1140 832 1290 916 emisses,

248 995 315 1036 nou
334 972 494 1063 potuisses
511 998 588 1040 cum
605 972 708 1042 altero
723 973 900 1042 devorare:
920 998 1011 1042 nunc
1028 972 1163 1042 oculum
1180 973 1289 1041 bubu-

249 1111 316 1179 lum
328 1114 396 1180 vidi
409 1118 576 1208 majorem.
589 1120 676 1201 Heu,
687 1117 769 1202 heu,
783 1117 932 1208 quotidie
944 1113 1056 1209 pejusl
1075 1115 1145 1184 haec
1157 1115 1289 1184 colonia

245 1272 449 1324 retroversus
459 1260 586 1345 crescit,
601 1276 759 1351 tanquam
772 1259 877 1328 cauda
884 1256 994 1328 vituli!
1010 1260 1074 1330 Sed
1085 1284 1189 1352 quare
1199 1259 1288 1328 non?

247 1399 406 1466 habemus
424 1399 551 1468 aedilem
571 1404 672 1469 trium
694 1427 915 1490 caunearum,
934 1404 991 1496 qui
1009 1403 1071 1470 sibi
1091 1401 1220 1470 mavult
1240 1427 1288 1468 as·
1385 1433 1386 1450 κ

248 1569 332 1628 sem,
347 1568 446 1635 quam
465 1547 568 1612 vitam
583 1560 742 1613 nostram.
758 1551 875 1636 ltaque
887 1545 977 1614 domi
992 1545 1133 1637 gaudet:
1155 1543 1232 1638 plus
1252 1545 1284 1610 in
1385 1569 1386 1644 t

246 1687 300 1754 die
316 1713 528 1756 nummorum
548 1691 683 1782 accipit,
706 1713 806 1781 quam
819 1687 903 1756 alter
917 1690 1156 1782 patrimonium
1174 1688 1284 1754 habet.
1385 1717 1386 1760 1

247 1835 320 1898 lam
346 1833 415 1898 scio
440 1831 527 1900 unde
546 1835 708 1925 acceperit
727 1833 880 1900 denarios
899 1829 989 1901 mille
1005 1856 1142 1918 aureos;
1162 1831 1239 1918 sed,
1259 1833 1286 1898 si
1385 1863 1386 1886 ι

246 2000 306 2045 nos
326 1974 433 2043 coleos
453 1975 665 2061 haberemus,
684 2002 752 2043 non
772 1989 903 2044 tantum
924 1976 985 2044 sibi
1010 1973 1163 2069 placeret.
1185 1977 1285 2044 Nunc

246 2119 388 2213 populus
406 2136 471 2207 est,
490 2121 579 2188 domi
600 2121 725 2208 leones,
742 2122 830 2190 foras
844 2119 969 2214 vulpes.
987 2121 1088 2208 Quod
1104 2119 1147 2187 ad
1165 2144 1220 2187 me
1238 2134 1286 2189 at·

246 2266 343 2350 tinet,
356 2264 424 2355 jam
437 2289 565 2357 pannos
575 2290 665 2332 moos
678 2264 826 2350 comedi,
845 2279 893 2352 et,
904 2266 931 2332 si
944 2279 1130 2358 perseverat
1145 2264 1217 2332 haee
1229 2289 1286 2332 an·

245 2433 349 2492 nona,
371 2408 497 2475 casulas
516 2433 604 2475 meas
623 2409 774 2476 vendam.
793 2409 886 2498 Quid
904 2409 993 2476 enim
1008 2407 1158 2475 futurum
1175 2422 1245 2492 est,
1260 2409 1285 2474 si
1386 2499 1387 2504 γ

246 2580 307 2621 nec
320 2553 386 2638 dii,
406 2578 466 2620 nec
478 2553 645 2639 homines,
662 2554 733 2645 ejus
748 2551 885 2621 eoloniae
897 2549 1120 2623 miserentur?
1131 2555 1183 2620 lta
1196 2577 1285 2621 meos

244 2698 418 2783 fruniscar,
440 2713 476 2764 ut
496 2723 558 2790 ego
570 2713 655 2791 puto
671 2699 785 2765 omnia
797 2696 853 2764 illa
869 2723 889 2764 a
906 2695 1069 2763 coelitibus
1085 2695 1167 2763 fieri.
1179 2698 1286 2765 Nemo

245 2842 334 2907 enim
347 2841 465 2909 coelum
478 2840 597 2910 eoelum
614 2855 726 2935 putat,
745 2864 843 2908 nemo
857 2837 1022 2931 jejunium
1040 2852 1167 2923 servat,
1189 2861 1286 2906 nemo

244 2988 358 3052 Jovem
383 2984 441 3077 pili
466 2985 565 3069 facit3
587 2983 646 3052 sed
665 3007 798 3069 omnes,
826 2980 950 3075 opertis
966 2979 1092 3068 oculis,
1117 2980 1208 3048 bona
1228 3005 1286 3050 sua

243 3142 448 3226 computant.
470 3130 577 3197 Antea
596 3125 721 3194 stolatae
742 3125 850 3211 ibant,
871 3123 969 3192 nudis
986 3125 1143 3218 pedibus,
1166 3127 1201 3192 in
1226 3124 1285 3193 cli·

243 3300 340 3359 vum,
358 3273 461 3367 passis
479 3268 620 3364 capillis,
642 3267 808 3337 mentibus
837 3267 945 3360 puris,
969 3281 1001 3334 et
1025 3269 1139 3336 Jovem
1164 3292 1285 3360 aquam

245 3419 453 3502 exorabant3
477 3418 588 3507 itaque
612 3415 724 3481 statim
748 3414 907 3480 urceatim
931 3409 1085 3505 pluebat,
1111 3425 1145 3479 et
1171 3428 1285 3478 omnes

246 3562 419 3629 ridebant:
438 3563 485 3628 sic
501 3574 599 3644 tunc,
620 3581 728 3644 nunc,
743 3579 917 3648 nunquam
931 3581 939 3621 :
954 3579 1032 3622 uam
1049 3553 1107 3622 uhi
1126 3567 1286 3646 tanquam

246 3705 436 3790 mures,'ita
461 3700 507 3769 dii
526 3700 624 3794 pedes
642 3698 770 3768 lanatos
793 3699 939 3783 habent;
960 3698 1038 3789 quia
1061 3721 1122 3764 nos
1140 3695 1285 3790 religiosi

247 3875 313 3919 uon
334 3872 456 3932 snmus,
479 3845 550 3937 agri
563 3844 687 3936 jacent.
