2817 4684
248 427 301 501 198
526 435 559 487 r.
579 434 761 488 ruraouu
784 435 1005 491 sarrmcou.

245 553 348 624 latum
361 572 429 674 est,
446 556 536 651 quod
554 556 711 628 collocari
722 584 790 627 non
805 560 932 652 potuit,
953 559 1138 625 sestertium
1148 558 1285 625 centies.

245 696 370 765 Eodem
392 677 445 767 die
461 700 652 767 incendium
671 700 797 769 factum
819 716 867 770 est
884 702 919 768 in
936 700 1041 769 hortis
1055 702 1285 796 Pompeianis,

246 856 357 908 ortum
367 868 406 909 ex
419 842 544 911 aedibus
560 845 691 931 Nastae,
712 843 823 913 villici.
838 885 881 899 -
893 844 1004 932 Quid?
1018 846 1129 938 inquit
1145 843 1286 913 Trimal-

250 985 341 1052 chio:
360 987 495 1080 quando
507 988 590 1055 mihi
605 991 800 1083 Pompeiani
816 990 905 1058 horti
919 991 998 1059 emti
1008 988 1109 1059 sunt?
1123 1028 1168 1045 -
1184 989 1286 1056 Anno

246 1128 372 1219 priore,
391 1130 502 1220 inquit
523 1132 708 1217 actuarius3
735 1146 768 1199 et
793 1132 866 1199 idco
890 1132 1110 1199 iurationem
1133 1130 1285 1197 nondum
1385 1147 1386 1165 ¹

248 1287 477 1339 venerunt—
495 1275 685 1342 Excanduit
702 1274 922 1360 Trimalchio,
939 1289 989 1361 et,
1008 1274 1285 1365 —Quicunque,
1385 1314 1386 1335 l

249 1416 378 1506 inquit,
394 1414 475 1484 mihi
489 1414 585 1483 fundi
599 1419 678 1485 emti
696 1418 839 1505 fuerint,
858 1421 921 1486 nisi
939 1419 1028 1485 intra
1046 1429 1174 1485 sextum
1196 1440 1288 1483 men·
1385 1440 1386 1481 1

249 1583 317 1625 sem
336 1560 458 1647 sciero,
475 1563 512 1628 in
531 1563 675 1630 rationes
689 1588 778 1631 meas
797 1561 911 1645 inferri
932 1576 1017 1629 veto.
1033 1600 1082 1611 -
1094 1566 1168 1630 Jam
1187 1562 1288 1627 etiam
1385 1568 1386 1585 ¹

248 1703 355 1770 edicta
390 1702 534 1772 aedilium
571 1705 824 1774 recitabantur:
855 1720 888 1772 et
923 1703 1156 1773 saltuariorum
1193 1718 1289 1771 testa-

249 1861 377 1933 menta,
407 1848 526 1939 quibus
554 1849 756 1917 Trimalchio
786 1875 862 1917 oum
888 1848 995 1941 elogio
1014 1847 1287 1916 exheredabatur.

249 1999 322 2063 lam
343 1999 479 2065 nomina
498 1997 706 2067 villicorum:
735 2014 768 2067 et
792 1999 965 2092 repudiata
987 2025 1007 2067 a
1023 2000 1236 2067 circumitore
1253 1999 1290 2065 li-

250 2142 363 2221 berta,
381 2143 415 2208 in
433 2141 632 2210 balneatoris
652 2143 871 2211 contubernio
890 2144 1115 2239 deprehensa:
1131 2147 1286 2213 atriensis

250 2285 346 2351 Baias
372 2283 557 2377 relegatus:
585 2287 654 2378 jam
681 2312 756 2355 reus
778 2287 883 2356 factus
907 2289 1130 2390 dispensator:
1150 2305 1182 2358 ct
1202 2290 1291 2385 judi·
1386 2384 1387 2389 γ

251 2434 339 2500 cium
360 2436 446 2501 inter
465 2432 684 2502 cubicularios
707 2449 828 2503 actum.
851 2438 1074 2505 Petauristarii
1097 2451 1208 2507 autem
1238 2463 1291 2505 ve·

252 2595 391 2649 nerunt:
410 2581 492 2649 baro
505 2580 745 2664 ,insulsissimus
760 2606 836 2651 cum
850 2582 945 2651 scalis
957 2585 1121 2670 constitit,
1136 2608 1290 2677 puerum·
1386 2576 1387 2581 ¹

253 2748 317 2814 que
328 2724 425 2815 jussit
441 2748 501 2815 por
513 2722 651 2814 gradus,
667 2726 747 2790 etin
763 2748 890 2792 summa
899 2740 1010 2817 parte,
1025 2726 1139 2793 odaria
1159 2724 1290 2812 saltare,

253 2864 393 2933 circulos
410 2866 529 2933 deinde
542 2866 695 2934 ardentes
705 2870 864 2954 transire,
882 2883 916 2936 et
927 2868 1081 2937 dentibus
1095 2869 1291 2962 amphoram

253 3011 424 3077 sustinere.
445 3012 633 3079 Mirabatur
647 3010 717 3080 haec
737 3011 1060 3099 solus-Trimalchio,
1077 3012 1291 3106 dicebatque,

254 3155 420 3245 ingratum
434 3155 612 3224 artificium
628 3182 706 3224 esse.
722 3160 877 3226 Ceterum
893 3158 960 3225 duo
977 3182 1045 3227 esse
1062 3160 1096 3226 in
1112 3158 1211 3226 rebus
1229 3159 1291 3227 hu·

255 3299 378 3383 manis,
394 3323 467 3389 quae
484 3298 698 3368 libentissime
715 3316 896 3395 spectaret,
919 3301 1166 3395 petauristarios
1185 3316 1218 3368 et
1236 3326 1292 3369 co-

255 3442 417 3524 turnices3
431 3440 558 3533 reliqua
573 3441 744 3531 animalia,
761 3458 963 3532 acroamata,
976 3445 1074 3511 tricas
1089 3468 1196 3511 meras
1211 3468 1289 3511 esse.

255 3624 302 3634 —
319 3586 406 3652 Nam
430 3600 462 3653 et
483 3586 664 3673 comoedos,
692 3589 817 3679 inquit,
844 3612 1003 3674 emeram,
1030 3602 1063 3656 et
1085 3587 1187 3656 malui
1218 3586 1290 3655 illos

255 3727 384 3796 atellam
416 3729 540 3816 facere,
569 3746 601 3798 et
628 3731 817 3801 choraulem
848 3757 957 3801 meum
980 3734 1063 3824 jussi
1085 3732 1186 3801 latine
1213 3756 1289 3799 can·

256 3886 334 3939 tare.
