2817 4684
255 397 310 453 166
527 398 561 453 T.
582 396 765 454 PETRONII
785 397 1006 456 SATYRICON.

254 548 331 592 sane
344 520 453 608 lavare
469 524 580 615 potui,
600 522 648 592 fui
661 522 863 591 enimhodie
879 526 914 592 in
925 525 1036 592 funus.
1048 528 1156 593 Homo
1171 524 1288 613 bellus,

221 752 223 759 Ι
252 682 323 735 tam
340 668 448 735 bonus
464 667 695 760 Chrysanthus
717 669 863 736 animam
881 666 1031 736 ebulliit:
1051 670 1172 758 modo,
1191 670 1292 737 modo

254 835 307 879 me
329 808 523 904 appellavit:
541 810 656 879 videor
677 813 761 879 mihi
786 837 862 880 cum
882 810 939 880 illo
955 812 1059 905 loqui.
1080 809 1166 882 Heu!
1192 817 1292 883 Utres

256 953 362 1062 inflati
380 952 608 1060 ambulamus,
637 955 776 1022 minoris
801 979 901 1048 quam
918 978 1040 1024 muscae
1062 979 1196 1045 sumus3
1221 979 1295 1047 quae

256 1111 366 1164 tamen
380 1094 527 1189 aliquam
538 1098 695 1166 virtutem
717 1097 858 1166 habent:
877 1122 961 1184 nos,
977 1122 1045 1165 non
1062 1095 1167 1190 pluris
1182 1122 1295 1165 sumus

257 1264 357 1333 quam
377 1237 485 1308 bullae.
503 1244 548 1309 Et
563 1239 668 1334 quid?
685 1242 713 1309 si
732 1265 802 1308 non
819 1241 971 1308 abstinax
990 1239 1127 1308 fuisset?
1147 1242 1296 1333 quinque
1315 1317 1317 1322 ,

259 1384 328 1453 dies
341 1409 463 1476 aquam
479 1386 515 1452 in
527 1409 564 1452 os
578 1409 676 1452 suum
694 1410 764 1453 non
779 1384 941 1479 conjecit,
960 1409 1030 1452 non
1045 1385 1165 1452 micam
1184 1385 1297 1478 panis;
1382 1387 1383 1404 ¹

260 1546 371 1600 tamen
389 1531 482 1600 abiit.
503 1533 546 1600 At
564 1529 675 1625 plures
694 1531 813 1600 medici
831 1529 924 1598 illum
943 1527 1176 1624 perdiderunt,
1197 1531 1298 1596 immo
1383 1540 1384 1578 ³

262 1679 366 1768 magis
386 1675 493 1744 malus
512 1672 599 1743 fatus
613 1659 788 1762 {medicus
806 1664 894 1740 enim
915 1671 998 1739 nihil
1018 1670 1109 1740 aliud
1127 1687 1176 1739 est
1198 1696 1299 1763 quam

261 1821 364 1890 animi
375 1817 568 1888 consolatio.
578 1822 704 1887 Tamen
715 1818 808 1911 ¹⁸bene
823 1815 926 1885 elatus
943 1830 1011 1902 est,
1028 1814 1192 1883 convivali
1203 1812 1307 1901 lecto,-

262 1965 417 2061 stragulis
428 1964 541 2050 bonis3
557 1961 709 2057 planctus
725 1976 774 2030 est
788 1961 932 2054 optime:
950 1959 1143 2028 manumisit
1154 1957 1299 2051 aliquot;
1386 2013 1387 2016 ,

263 2109 390 2178 etiamsi
407 2105 550 2198 maligne
564 2104 658 2173 illum
674 2103 818 2198 ploravit
834 2127 927 2171 uxor.
944 2101 1058 2190 Quid?
1076 2102 1103 2168 si
1122 2125 1190 2168 non
1211 2099 1299 2169 illam
1387 2166 1388 2218 p

263 2253 387 2347 optime
404 2247 606 2344 accepisset?
624 2247 681 2315 sed
701 2245 840 2335 mulier,
866 2270 939 2338 quae
963 2243 1104 2312 mulier?
1126 2243 1301 2312 milvinmn
1387 2233 1388 2252 ³

265 2420 392 2491 genus:
417 2394 541 2462 nemini
557 2391 641 2459 nihil
653 2391 735 2459 honi
751 2390 858 2459 facere
871 2403 1021 2484 oportet,
1036 2415 1129 2481 aeque
1145 2404 1196 2458 est
1214 2391 1301 2458 enim

265 2568 303 2613 ac
323 2543 350 2610 si
368 2542 403 2608 in
422 2554 560 2636 puteum
581 2537 761 2630 conjicias:
781 2537 811 2603 ei
834 2535 992 2627 antiquus
1003 2559 1110 2632 namorp
1124 2559 1237 2604 carcer
1256 2551 1303 2605 est

266 2683 433 2755 molestus.

615 3547 780 3617 CAPUT
812 3545 956 3614 XLIII.

315 3778 393 3846 Fuit
419 3774 585 3861 Phileros,
605 3773 663 3866 qui
687 3768 930 3868 proclamavit:
953 3803 996 3818 -
1010 3763 1172 3829 Vivorum
1192 3757 1308 3825 memi-

268 3919 431 3986 nerimus:
450 3913 504 3984 ille
519 3913 634 3988 habet,
654 3908 745 4005 quod
762 3909 824 3976 sibi
836 3904 1037 3975 debebatur:
1055 3900 1194 3967 honeste
1210 3895 1307 3978 vixit,

268 4055 405 4124 honeste
422 4052 515 4120 obiit.
535 4048 628 4136 Quid
643 4047 762 4131 habet,
784 4043 874 4136 quod
892 4037 1069 4134 queratur?
1088 4035 1130 4103 ab
1151 4057 1222 4101 asse
1239 4054 1308 4099 cre·
