2817 4684
266 362 321 424 aad
539 364 572 417 T.
593 364 773 419 Ptruon'n
795 365 1016 423 ssTYmcoN.

265 484 327 553 deo
344 483 588 573 cantabundus,
607 502 642 557 et
660 487 768 557 stellas
788 514 936 559 numero
961 489 1090 559 Deinde
1111 504 1150 559 ut
1174 490 1312 584 respexi

263 626 306 717 ad
324 629 499 698 comitem:
520 628 575 698 ille
593 632 683 699 exuit
708 655 757 714 se,
777 645 810 699 et
833 633 945 702 omnia
968 633 1163 701 vestimenta
1189 658 1316 702 secun-

265 769 343 840 dum
359 773 445 841 viam
461 774 580 868 posuit.
595 773 701 860 Mihi,
713 800 772 855 en,
787 776 898 842 anima
907 775 942 842 in
957 800 1039 843 naso
1053 800 1137 844 esse:
1155 776 1312 862 stabam,

265 929 424 1007 tanquam
441 930 602 984 mortuus·
625 921 670 985 At
686 915 741 985 ille
753 918 998 987 circumminxit
1011 920 1208 987 vestimenta
1224 944 1310 1005 sua,

263 1071 296 1123 et
312 1056 422 1125 subito
439 1056 537 1151 lupus
555 1057 659 1127 factus
673 1074 733 1128 est.
754 1058 886 1139 Nolite,
903 1085 956 1129 me
969 1061 1091 1154 jocari,
1109 1076 1247 1157 putare:
1269 1075 1313 1129 ut

262 1200 420 1286 mentiar,
433 1198 556 1268 nullius
567 1203 804 1296 patrimonium
814 1203 898 1271 tanti
909 1202 1005 1271 facio.
1021 1202 1085 1272 Sed
1097 1203 1196 1297 qnid,
1208 1203 1310 1296 quod

262 1366 424 1437 eoeperam
441 1342 569 1415 dicere?
584 1360 761 1439 postquam
778 1344 875 1439 lupus
893 1344 999 1415 factus
1011 1362 1078 1434 est,
1098 1345 1226 1416 ululare
1243 1372 1312 1416 coe·
1336 1317 1340 1326 Ι

265 1490 335 1582 pit,
352 1502 385 1557 et
404 1491 438 1557 in
456 1487 554 1557 silvas
570 1487 665 1582 fugit.
685 1492 757 1582 &o
776 1490 929 1584 primitus
949 1490 1151 1577 nesciebant,
1169 1492 1228 1560 ubi
1252 1516 1309 1560 es·

259 1654 345 1699 sem:
361 1628 481 1699 deinde
490 1634 622 1713 accessi,
637 1647 675 1703 ut
690 1634 886 1702 vestimenta
900 1636 971 1725 ejus
989 1631 1156 1703 tollerem:
1175 1632 1234 1701 illa
1243 1658 1307 1701 au-

260 1788 326 1842 tem
340 1772 469 1870 lapidea
482 1775 569 1845 facta
586 1790 675 1846 sunt.
684 1774 770 1865 Quis
787 1778 872 1845 mori
888 1778 1022 1863 timore,
1039 1764 1205 1869 nisiago?
1222 1776 1310 1847 Gla·

261 1918 354 1988 dium
371 1934 481 1989 tamen
501 1924 638 2008 strinxi,
658 1935 710 2008 et,
730 1936 820 1989 mota
838 1923 872 1988 vi
895 1924 984 2003 to'ta,
1007 1922 1142 1989 umbras
1167 1920 1307 2005 caecidi,

260 2067 367 2138 donec
384 2070 428 2137 ad
445 2068 557 2137 villam
576 2070 690 2139 amicae
707 2095 787 2138 meae
804 2070 1020 2163 pervenirem.
1034 2072 1082 2137 Ut
1097 2070 1236 2162 januam
1253 2070 1307 2136 in-

262 2216 369 2299 travi,
387 2240 480 2310 paeue
496 2216 642 2286 animam
658 2213 813 2285 ebullivi:
831 2214 933 2283 sudor
947 2214 1030 2283 mihi
1052 2240 1112 2309 pes
1132 2198 1306 2283 bifurcum
1392 2230 1393 2239 ’

261 2360 412 2431 volabat:
432 2360 521 2431 oculi
539 2363 682 2431 mortui:
709 2363 766 2430 vix
784 2386 933 2455 unquam
953 2361 1092 2453 nefastus
1119 2387 1205 2430 sum.
1229 2366 1306 2431 Me-

261 2507 335 2579 lissa
354 2534 426 2578 mea
447 2511 559 2579 mirari
577 2511 692 2606 coepit,
718 2508 807 2603 quod
826 2522 893 2577 tam
911 2533 984 2577 sero
1007 2508 1230 2596 ambularem3
1246 2524 1302 2577 et:
1391 2534 1392 2607 ζ

258 2700 305 2710 -
316 2659 349 2729 Si
361 2673 455 2745 ante,
471 2658 597 2753 inquit,
610 2658 772 2743 venisses,
790 2656 905 2725 saltem
922 2656 1019 2723 nobis
1035 2634 1235 2749 adjutasses3
1253 2655 1304 2723 lu·

259 2832 323 2902 pus
335 2808 425 2877 enim
442 2804 554 2875 vittam
569 2805 728 2891 intravit,
743 2818 777 2871 et
792 2804 905 2873 omnia
921 2828 1060 2897 pecora:
1080 2818 1239 2895 tanquam
1253 2801 1303 2871 la·
1390 2828 1391 2841 ¹

258 2956 334 3023 nius
351 2955 546 3047 sanguinem
565 2951 631 3020 iliis
652 2951 752 3019 misit
782 2952 853 3020 Nec
879 2964 989 3018 umen
1010 2948 1146 3036 derisit,
1170 2952 1301 3019 etiamsi

259 3102 365 3196 fugin
379 3127 493 3171 servus
502 3102 591 3169 enim
604 3115 717 3168 noster
729 3098 843 3168 lancea
851 3095 975 3165 collum
983 3099 1055 3192 ejus
1066 3098 1205 3191 trajecit
1222 3102 1301 3167 Haec

259 3267 298 3321 ut
313 3251 444 3337 audivi,
470 3252 598 3345 aperire
615 3247 731 3317 oculos
748 3246 890 3341 amplius
919 3272 987 3315 non
1012 3249 1122 3341 potui,
1144 3248 1202 3316 sed
1227 3246 1301 3316 luce

257 3402 347 3473 elan
359 3402 423 3471 bac
434 3402 540 3470 nostri
552 3399 688 3467 domum
698 3397 781 3491 fugi,
792 3410 951 3493 tanquam
963 3420 1071 3491 oeupo
1082 3395 1299 3489 compilatus:

257 3564 307 3635 et,
324 3565 500 3645 postquam
527 3547 604 3616 veni
621 3547 658 3615 iu
682 3544 777 3613 illum
793 3542 922 3626 locvm,
943 3544 980 3611 in
1000 3566 1068 3635 quo
1093 3541 1224 3635 lapidea
1246 3570 1302 3613 ve-

258 3700 414 3769 sumente
431 3710 526 3766 erant
545 3694 652 3779 sacra,
675 3690 761 3761 nihil
786 3690 919 3775 inveni,
941 3689 1006 3756 nisi
1024 3689 1232 3781 sangninem.
1254 3692 1301 3761 Ut

261 3873 340 3917 vem
350 3848 488 3917 domum
501 3846 598 3930 veni,
610 3840 743 3935 jacebat
758 3836 851 3906 miles
863 3862 956 3905 meurs
970 3835 1119 3923 inlecto,
1138 3851 1300 3930 tanquam

152 4040 160 4057 .
260 3992 371 4073 sons,
389 4005 423 4059 a
441 3981 995 4059 mimurtmmmmsmus
1014 3978 1298 4067 nutantum
1382 3958 1387 3985 ⁴
