2817 4684
259 406 313 461 138
464 433 468 451 ι
532 407 1012 466 T.PETRONtlsaTYR1cott.

257 532 361 617 tibus,
381 530 520 624 aliisque
545 531 796 626 ihsequentibus
816 533 859 602 ad
876 534 994 628 pedes,
1024 559 1063 602 ac
1093 535 1292 628 paronychia
1346 535 1351 542 ’

256 701 332 745 cum
347 676 474 768 ingenti
486 675 667 745 subtilitate
680 674 882 745 tollentibus.
905 680 953 746 Ac
973 702 1016 746 ne
1031 679 1066 744 in
1080 677 1146 748 hoc
1163 679 1293 770 quidem
1370 744 1371 747 ,

258 837 325 890 tam
339 788 477 891 molesto
496 822 648 891 tacebant
664 820 796 912 officio,
812 821 868 890 sed
887 823 995 891 obiter
1013 823 1206 891 cantabant.
1226 827 1295 916 Ego
1367 820 1372 951 L

256 966 398 1058 experiri
424 963 534 1053 volui,
554 990 598 1033 an
618 979 688 1033 tota
709 965 833 1034 familia
854 963 1024 1034 cantaret?
1050 970 1169 1060 ltaque
1184 967 1295 1060 potio·

258 1134 334 1178 nem
358 1111 514 1204 poposci:
543 1111 769 1203 paratissimus
795 1134 878 1203 puer
896 1134 965 1178 non
985 1111 1096 1178 minus
1123 1135 1176 1178 me
1202 1110 1295 1179 acido

1367 1032 1371 1085 l

257 1256 388 1322 cantico
401 1255 548 1348 excepit:
568 1269 600 1322 et
618 1255 769 1347 quisquis
782 1252 909 1347 aliquid
924 1268 1059 1347 rogatus
1076 1269 1165 1340 crat,
1184 1269 1223 1322 ut
1240 1254 1295 1322 da·
1364 1150 1371 1359 l

256 1413 316 1466 ret.
336 1399 536 1467 Pantomimi
561 1399 717 1486 chorum,
743 1423 812 1467 non
850 1396 1087 1492 patrisfamiliae
1115 1396 1296 1466 triclinium

152 1565 154 1570 ·
257 1541 417 1612 crederes.
436 1543 546 1612 Allata
562 1559 613 1612 est
631 1558 702 1613 tum
719 1545 864 1636 gustatio
882 1543 979 1613 valde
999 1543 1111 1613 lauta:
1130 1569 1209 1612 nain
1226 1570 1296 1611 om·
1373 1603 1374 1606 ,

201 1745 205 1751 .
258 1715 315 1758 nes
326 1691 395 1781 jam
411 1690 649 1759 discubuerant
668 1705 788 1784 praeter
807 1715 911 1758 unum
928 1690 1225 1778 Trimalchionem,
1245 1695 1322 1760 cui.
1360 1742 1365 1837 J

256 1835 367 1924 locus,
388 1863 476 1905 novo
490 1861 602 1926 more,
623 1838 751 1931 primus
770 1838 974 1906 servabatur.
995 1841 1150 1908 Ceterum
1169 1839 1202 1905 in
1219 1863 1297 1930 pro·
1357 1816 1374 1957 ¹}

257 1979 428 2050 mulsidari
453 1980 572 2051 asellus
591 1997 663 2051 erat
677 1982 864 2050 corinthius
885 2006 960 2050 cum
979 1983 1123 2051 bisaccio
1149 1983 1298 2076 posituS‚
1354 1968 1362 2065 'ss

257 2127 316 2217 qui
334 2124 477 2193 habebat
495 2121 619 2209 olivas,
639 2126 674 2190 in
690 2123 794 2191 altera
818 2138 912 2217 parte
930 2122 1041 2209 albas,
1063 2124 1097 2190 in
1116 2121 1220 2192 altera
1245 2125 1297 2190 ni·
1358 2138 1373 2181 κ’

257 2295 342 2362 gras.
363 2268 533 2360 Tegebant
548 2265 685 2336 asellum
704 2268 778 2337 duae
795 2268 924 2354 lances,
952 2269 986 2335 in
1013 2293 1155 2361 quarum
1177 2270 1298 2360 margi·
1354 2324 1355 2341 ,

257 2414 355 2482 nibus
372 2437 494 2480 nomen
511 2411 767 2481 Trimalchionis
786 2415 984 2506 inscriptum
1008 2427 1097 2498 erat,
1117 2426 1151 2479 et
1168 2413 1297 2504 argenti

132 2603 139 2616 -
256 2557 398 2651 pondus.
423 2557 589 2626 Ponticuli
605 2547 932 2626 etiam'ferruminati
951 2555 1160 2624 sustinebant
1177 2554 1295 2648 glires,
1373 2533 1376 2616 l

255 2700 398 2771 melleet
414 2728 577 2797 papavere
593 2727 735 2797 sparsos.
755 2705 905 2770 Fuerunt
920 2717 953 2770 et
975 2702 1141 2771 tomacula
1166 2700 1295 2769 serven·
1374 2691 1376 2758 l

257 2850 302 2917 tia
321 2874 420 2943 supra
433 2848 623 2918 craticulam
639 2863 830 2942 argenteam
850 2849 978 2941 posita,
996 2861 1029 2914 et
1049 2845 1136 2914 infra
1156 2848 1295 2914 craticu·

255 2993 321 3062 lam
341 2994 466 3085 sy'riaca
485 3018 595 3087 pruna
611 3017 688 3061 cum
708 2993 820 3084 granis
839 2994 952 3086 punici
973 2989 1060 3058 mali.

597 3847 763 3918 CAPUT
791 3847 952 3914 XXXII.

303 4099 344 4163 In
364 4094 414 4163 his
422 4093 724 4192 eramus-lautitiis,
742 4115 845 4184 quum
856 4091 924 4183 ipse
935 4087 1139 4159 Trimalchio
1152 4091 1195 4159 ad
1208 4114 1285 4184 sym·
1357 4093 1360 4108 ’
