2817 4684
261 410 315 453 tta
532 396 565 454 T.
586 395 766 454 PETRONll
787 397 1010 453 SATYfflCON.

259 540 296 593 ut
317 527 465 593 tertianae
484 524 652 610 mederer3
679 524 736 592 sed
756 522 868 592 delusa
892 549 950 618 spe
966 521 1148 592 furibunda
1168 525 1300 618 egredi-

259 684 326 755 tur,
344 684 376 738 et
395 693 524 738 reversa
538 667 639 761 paulo
656 683 750 762 post,
771 693 832 736 nos
852 668 964 736 invadi
985 668 1027 736 ab
1050 669 1192 761 ignotis,
1212 684 1244 738 et
1263 671 1300 736 in

258 811 418 906 palatium
446 812 718 906 superbissimum
752 810 923 880 transferri
952 809 1077 908 jussit]
1096 815 1193 882 Tune
1219 837 1302 880 vero

257 957 379 1026 excidit
397 959 505 1026 omnis
531 958 717 1026 constantia
744 955 909 1044 attonitis,
929 972 963 1024 et
987 983 1077 1026 mors
1100 983 1168 1027 non
1197 958 1302 1026 dubia

258 1103 452 1170 miserorum
470 1099 583 1170 oculos
600 1103 701 1195 coepit
713 1100 889 1170 obducere.

641 1665 805 1732 CAPUT
836 1663 915 1730 XX.

306 1925 350 1940 ·-
361 1889 470 1980 Rogo,
491 1889 645 1981 inquam,
663 1889 814 1976 domina,
832 1889 957 1984 siquid
978 1891 1103 1958 tristius
1123 1915 1232 1983 paras,
1245 1915 1303 1959 ce-

257 2029 355 2099 lerius
375 2031 523 2101 confice:
542 2059 650 2127 neque
671 2035 760 2102 enirn
779 2049 845 2102 tarn
864 2058 1021 2128 magnum
1042 2033 1171 2104 facinus
1190 2034 1302 2102 admi-

256 2177 369 2260 simus,
388 2190 425 2244 ut
439 2176 617 2246 debeamus
631 2180 710 2245 torti
728 2180 844 2272 perire.
856 2177 1058 2275 -Ancilla,
1078 2204 1152 2272 quae
1170 2165 1304 2272 Psyche
1394 2263 1396 2288 A

254 2317 451 2406 vocabatur,
471 2318 647 2389 lodiculam
670 2324 705 2390 in
723 2323 914 2415 pavimento
934 2321 1109 2414 diligenter
1126 2323 1300 2412 extendit;

255 2459 335 2561 [et]
361 2462 549 2533 sollicitavit
568 2467 708 2558 inguina
734 2491 825 2554 mea,
846 2464 936 2534 mille
950 2467 1021 2558 jam
1047 2467 1211 2535 mortibus
1235 2467 1299 2535 fri-

254 2607 341 2700 gida.
361 2611 546 2702 Operuerat
563 2602 715 2704 Ascyltos
735 2610 837 2705 pallio
859 2626 974 2704 caput,
994 2611 1185 2680 admonitus
1208 2611 1298 2679 scili·

253 2767 304 2820 cet
329 2753 550 2846 periculosum
581 2779 651 2824 esse
676 2754 792 2823 alienis
820 2757 1020 2824 intervenire
1044 2757 1186 2824 secretis.
1215 2753 1296 2852 [ln-

253 2896 372 2994 terim]
390 2896 620 2996 duas'sd'institas
642 2899 762 2970 ancilla
778 2897 918 2994 protulit
938 2899 979 2968 de
998 2901 1100 2969 sinu:
1124 2899 1296 2994 alteraque

253 3042 352 3136 pedes
378 3059 509 3113 nostros
533 3043 701 3139 alligavit,
719 3045 820 3113 altera
844 3071 974 3114 manus.
995 3043 1232 3140 [Constrictus
1250 3047 1294 3113 ita

252 3185 409 3256 vinculis:
421 3191 573 3275 -Non‚
591 3190 746 3281 inquam,
761 3188 823 3256 hac
839 3190 967 3258 ratione
985 3187 1050 3256 frui
1070 3189 1191 3283 poterit
1208 3191 1294 3258 votis

252 3331 385 3399 domina
404 3345 471 3401 tua.
487 3336 679 3419 -Fateor‚
698 3335 808 3428 inquit
830 3332 970 3420 ancilla,
994 3333 1049 3401 sed
1071 3332 1134 3402 alia
1152 3332 1294 3401 medica·

250 3490 360 3543 menta
381 3491 460 3544 sunt
478 3477 560 3545 mihi
577 3477 620 3545 ad
639 3503 795 3564 manum,
816 3492 849 3546 et
871 3479 1012 3554 certiora
1027 3503 1035 3544 :
1051 3519 1098 3528 --
1116 3476 1294 3569 subitoque

249 3642 307 3686 vas
327 3621 449 3713 satyrio
469 3619 604 3714 plenurn
619 3620 751 3707 attulit,
774 3635 807 3689 et
821 3620 934 3714 jocose
954 3619 1166 3714 fabuloseque
1188 3620 1293 3688 multa

246 3764 402 3855 jactitans
418 3767 462 3833 ita
480 3765 608 3853 effecit,
629 3781 667 3834 ut
683 3766 750 3836 fere
768 3782 874 3835 totum
895 3765 1059 3859 liquorem
1074 3766 1293 3854 exhauserim,

192 3962 194 3965 .
249 3923 297 3993 et,
318 3911 395 4001 quia
423 3935 531 4003 nuper
557 3911 628 4002 ejus
653 3887 831 3980 blanditias
856 3925 1024 4004 spreverat
1051 3909 1218 4003 Ascyltos,
1240 3936 1295 3979 ex-

250 4066 355 4120 trema
373 4055 485 4146 satyrii
503 4056 656 4146 portione
675 4056 745 4146 ejus
769 4054 923 4144 dorsum⁷
952 4054 1009 4122 illo
1027 4079 1095 4122 non
1115 4056 1294 4141 sentiente,
