2817 4684
245 395 300 430 110
521 381 553 434 T.
574 381 755 436 PETRONII
776 383 1001 442 SATYRICON.

342 505 416 558 Nam
430 522 497 560 sane
509 516 537 561 ct
556 508 668 580 sapiens
684 502 831 566 contemtu
847 511 941 585 jurgia
959 511 1064 568 flectit:

388 625 438 694 Et,
454 624 505 698 qui
519 642 579 679 non
589 625 712 698 jugulat,
729 625 820 682 victor
833 626 912 682 abire
929 629 1001 684 solet

230 837 283 876 '—
304 810 490 916 Complosis
511 823 630 899 deinde
651 824 804 892 manibus
823 825 1006 893 intantum
1030 842 1165 921 repente
1178 829 1292 896 'risum

135 941 158 1021 ,⁸
239 965 344 1034 eflusa
368 980 436 1048 est,
462 979 502 1032 ut
519 966 720 1034 timeremus.
747 965 840 1036 Idem
857 965 1018 1036 exaltera
1049 984 1144 1061 parte
1172 984 1205 1037 et
1225 993 1292 1036 an-

240 1107 316 1177 cilla
336 1108 432 1194 lecit,
461 1133 534 1201 quae
560 1110 654 1200 prior
679 1124 826 1178 venerat.
854 1111 945 1179 Idem
966 1112 1183 1204 virguncula,
1210 1139 1290 1206 quae
1395 1207 1396 1216 ἵ

240 1278 306 1320 una
325 1257 521 1322 intraverat.

609 1667 775 1734 CAPUT
807 1667 915 1732 xlx.

286 1877 410 1945 Omnia
429 1877 563 1943 mimico
578 1878 648 1943 risu
664 1890 905 1943 cxsonnerant:
925 1899 1029 1968 quum
1050 1877 1183 1944 interim
1199 1902 1286 1961 nos,

212 2008 215 2015 ¹
240 2045 313 2113 quae
333 2035 401 2087 tam
420 2022 593 2113 repentina
607 2035 691 2089 esset
710 2021 850 2088 mutatio
867 2022 1054 2088 animorum
1070 2021 1286 2114 sacta',1gno-

240 2190 408 2251 raremus,
426 2189 464 2232 ac
481 2163 581 2234 modo
595 2179 725 2232 nosmet
738 2166 846 2260 ipsos,
861 2163 962 2233 modo
979 2164 1153 2253 mulieres,
1174 2168 1286 2235 intue-

239 2331 360 2376 remur.
380 2303 446 2402 [-
456 2306 625 2392 Tandem,
648 2308 756 2399 inquit
778 2305 954 2396 Quartilla.
958 2304 970 2402 ]
984 2307 1063 2376 Ideo
1088 2311 1200 2395 vetui,
1222 2309 1287 2378 ho-

239 2450 345 2518 diem
362 2450 427 2518 boc
443 2448 625 2521 diversorio
645 2475 845 2546 quemquam
862 2453 1052 2540 mortalium
1077 2454 1223 2542 admitti,
1245 2472 1285 2524 ut

239 2593 420 2663 remedium
440 2596 598 2684 tertianae,
616 2599 686 2666 sine
703 2596 986 2691 interpellatione,
1003 2624 1024 2667 a
1043 2599 1137 2668 vobis
1154 2603 1284 2694 accipe-

182 2734 203 2777 ’·
239 2764 378 2807 rem—
390 2744 438 2810 Ut
467 2741 537 2810 haec
563 2741 646 2810 dixit
666 2741 853 2832 Quartilla,
868 2743 1017 2836 Ascyltos
1041 2745 1175 2837 quidem
1196 2771 1282 2839 pau·

152 2975 155 2983 .
239 2884 338 2979 lisper
354 2887 550 2982 obstupuit.
566 2913 627 2981 ogo
653 2904 765 2957 autem
791 2887 944 2981 frigidior
969 2890 1076 2957 hieme
1100 2889 1217 2984 gallica
1235 2889 1284 2960 fa-

239 3043 332 3116 ctus,
345 3027 474 3097 nullum
491 3033 585 3134 potui
599 3032 739 3100 verbum
753 3033 912 3102 emittere.
924 3033 1042 3104 Scdne
1058 3033 1139 3126 quid
1154 3035 1282 3103 tristius

127 3244 130 3247 .
238 3189 477 3291 exspectarem,
505 3177 680 3244 comitatus
706 3176 857 3246 faciebat.
884 3181 964 3246 Tres
981 3180 1070 3246 enim
1095 3193 1190 3246 erant
1207 3203 1281 3246 mu·

239 3318 400 3405 lierculae,
419 3322 446 3388 si
474 3319 556 3414 quid
574 3288 695 3389 uellent
715 3324 851 3409 conari,
883 3323 1134 3411 infirmissima,
1157 3322 1282 3393 scilicet

238 3478 355 3532 contra
368 3490 446 3553 nos,
464 3465 602 3558 quihuS,
621 3490 648 3532 si
639 3465 752 3533 nibil
770 3465 877 3554 aliud,
895 3466 1000 3535 virilis
1017 3493 1114 3538 sexus
1132 3482 1227 3536 essct
1239 3472 1282 3536 Et
1395 3461 1396 3482 ³

238 3611 408 3701 praecincti
428 3624 515 3679 certe
532 3607 631 3680 altius
652 3633 783 3678 eramus
801 3637 808 3678 ι
828 3613 930 3679 immo
947 3635 1009 3703 ego
1036 3614 1083 3680 sic
1098 3613 1167 3704 jam
1187 3616 1281 3708 paria

237 3778 506 3847 composueram,
536 3769 589 3841 ut,
618 3756 645 3822 si
674 3754 936 3848 depugnandum
970 3755 1078 3844 foret,
1106 3758 1176 3850 ipse
1204 3781 1280 3826 cum
1395 3749 1396 3802 Ῐ

237 3897 402 3990 Quartilla
422 3900 633 3968 consisterem
646 3953 655 3986 ,
667 3900 818 3994 Ascyltos
836 3925 912 3968 cum
929 3900 1065 3989 ancilla,
1084 3903 1189 3970 Giton
1203 3927 1281 3970 cum
1395 3901 1396 3976 l

237 4046 376 4136 virgine.
397 4041 512 4139 [Dum
526 4045 595 4112 haec
610 4060 720 4113 mente
735 4043 927 4134 volvebam,
946 4047 1081 4114 accessit
1098 4044 1281 4134 Quartilla,
