2817 4684
243 375 315 435 .150
527 381 568 434 .Τ.
587 379 770 436 PETRONII
790 379 1012 434 SATYR‘ICON.

580 612 746 680 CAPUT
777 611 974 677 XXXVII.

304 837 382 926 Non
404 839 499 929 potui
523 797 870 930 ampliuslquidqiuam
901 851 1052 930 gustare;
1082 836 1140 904 sed
1163 861 1305 904 conver·
1380 867 1381 948 ᾗ

257 1005 313 1047 sus
332 979 374 1048 ad
393 1005 489 1068 eum,
510 996 664 1074 utquam
683 979 828 1074 plurima
844 982 1043 1074 exciperem,
1070 979 1169 1072 longe
1191 1004 1303 1047 arces·

257 1149 328 1192 sere
347 1122 476 1193 fabulas
493 1127 594 1219 coepi,
615 1127 857 1219 sciscitarique,
878 1151 952 1219 quae
969 1139 1054 1194 esset
1074 1123 1130 1193 illa
1156 1124 1302 1212 mulier,
1380 1125 1381 1132 '

257 1293 332 1360 quae
351 1267 418 1336 huo
431 1283 531 1361 atque
549 1267 626 1337 illuc
642 1268 862 1338 discurreret?
884 1311 927 1324 -
944 1273 1057 1357 Uxor,
1074 1271 1204 1363 inquit,
1225 1271 1302 1337 Tri-

257 1410 474 1500 malchionis,
497 1417 679 1481 Fortunata
698 1413 906 1507 appellatur,
925 1439 999 1506 quae
1015 1439 1169 1481 nummos
1185 1413 1302 1481 modio
1380 1485 1381 1498 ἢ

257 1559 403 1625 metitur.
421 1560 525 1625 -Et
551 1557 651 1626 modo
670 1557 752 1651 quid
778 1557 868 1626 suit?
897 1561 1113 1651 -Ignoscet
1135 1559 1219 1626 mihi
1239 1583 1298 1650 ge-

258 1703 334 1769 nius
355 1716 447 1788 tuus,
465 1700 677 1770 noluissesde
686 1728 790 1771 manu
800 1701 888 1771 illius
898 1728 1018 1796 panem
1027 1705 1188 1797 accipere,
1198 1705 1302 1771 Nunc
1380 1759 1381 1776 1

256 1869 318 1912 neo
334 1845 432 1937 quid,
450 1871 512 1915 nec
532 1872 653 1939 quare,
671 1849 707 1915 in
727 1845 846 1915 coelum
864 1848 960 1935 abiit,
987 1863 1020 1916 et
1043 1846 1300 1916 Trimalchionis

257 2003 415 2084 topanta
429 2006 488 2058 est⁴
506 1991 560 2059 Ad
571 2015 755 2078 summam,
769 2017 861 2060 mero
875 1992 1013 2060 meridie
1027 1993 1055 2059 si
1069 1985 1246 2060 dixeritilli
1256 2007 1303 2060 te-

257 2135 377 2202 nebras
396 2160 481 2222 esse,
502 2136 624 2203 credet.
645 2139 721 2229 Ipse
737 2138 861 2224 nescit,
882 2137 965 2228 quid
982 2137 1121 2224 haheat;
1139 2137 1223 2204 adeo
1249 2163 1302 2204 za-

256 2276 370 2371 plutus
380 2292 430 2346 est
440 2305 447 2344 :
459 2278 524 2346 .sed
539 2280 768 2372 haeceupatria
781 2279 934 2374 providet
944 2283 1072 2367 omnia,
1090 2295 1138 2367 et,
1154 2280 1214 2348 ubi
1232 2307 1301 2348 non
1380 2321 1381 2366 t

256 2438 352 2518 putes
363 2425 581 2510 ‚·est..Sicca‚
599 2424 730 2511 sobria,
750 2425 917 2498 bonorum
934 2423 1165 2492 consiliorum:
1185 2440 1234 2492 est
1252 2440 1302 2492 ta-

257 2591 335 2634 men
352 2564 446 2634 malae
470 2565 607 2658 lingum,
631 2569 707 2660 pica
726 2565 928 2660 pulvinaris:
949 2592 1048 2658 quem
1072 2581 1176 2653 amat,
1195 2581 1302 2652 amat;

255 2681 357 2804 ¹quem
375 2736 444 2778 non
462 2725 567 2797 amat,
586 2736 654 2778 non
673 2725 772 2778 amat.
794 2713 868 2803 lpse
886 2708 1088 2778 Trimalchio
1108 2709 1230 2778 fundos
1247 2711 1305 2778 ha·

257 2855 329 2941 het,
348 2881 414 2947 qua
430 2853 523 2922 milvi
549 2853 681 2942 volant,
701 2869 735 2922 et
754 2880 967 2923 nummorum
991 2881 1165 2924 nummos:
1189 2882 1303 2950 argen·

258 3012 330 3065 tum
349 2999 384 3064 in
401 2999 527 3065 ostiarii
547 2997 635 3065 illius
653 2997 735 3066 cella
760 2998 835 3092 plus
857 3002 965 3092 jacet,
994 3023 1094 3092 quam
1124 3002 1302 3094 quisquam

147 3152 150 3157 '
259 3146 294 3211 in
308 3143 451 3225 fortunis
460 3144 572 3212 hahet.
587 3147 733 3211 Tantum
743 3145 816 3210 auri
833 3143 935 3211 vides.
952 3143 1088 3211 Familia
1098 3170 1176 3212 vero
1187 3142 1301 3214 bahael
1380 3159 1381 3170 ¹

256 3283 373 3354 babae!
393 3313 481 3375 non,
497 3312 550 3356 me
573 3283 738 3354 hercules!
761 3300 843 3380 puto
863 3287 1035 3354 decumam
1060 3303 1188 3381 partem
1212 3315 1300 3376 esse,

259 3457 332 3523 quae
351 3431 524 3499 dominum
551 3455 647 3498 suum
674 3433 779 3498 novit.
804 3430 855 3500 Ad
881 3456 1061 3518 summam,
1078 3435 1235 3524 ¹quemvis
1264 3460 1302 3502 ex
1380 3457 1381 3488 1

259 3577 330 3644 istis
349 3576 469 3645 bacillo
487 3579 523 3644 in
540 3591 622 3644 rutae
642 3575 759 3644 folium
777 3576 938 3666 conjiciet.
