2817 4684
265 341 303 408 64
550 349 581 402 Τ.
605 347 786 404 PETRONII
805 347 1030 404 smmcon.

660 595 827 664 CAPUT
862 597 918 662 vt.

318 849 360 864 -
383 814 472 879 Dum
500 800 570 880 hae
598 798 791 905 diligentius
818 811 944 898 audio,
981 835 1049 878 nou
1081 813 1195 879 notavi
1228 815 1314 880 mihi

269 951 394 1045 Ascylti
411 953 523 1048 fugam
542 981 551 1024 ε
568 969 602 1026 et
620 955 700 1026 dum
721 958 756 1027 in
774 955 838 1025 hoc
855 953 1021 1024 dictorum
1041 970 1123 1024 aestu
1149 971 1240 1024 totus
1259 959 1314 1025 in·

268 1094 366 1180 cedo,
384 1096 501 1188 ingens
515 1095 787 1166 scholasticorum
803 1096 902 1165 turba
919 1097 954 1163 in
967 1097 1134 1190 porticum
1150 1094 1255 1185 venit,
1274 1113 1314 1165 ut

266 1205 465 1333 apparebat,
494 1241 537 1308 ab
562 1238 778 1334 extemporali
803 1239 1042 1308 declamatione
1067 1242 1178 1308 nescio
1194 1243 1317 1334 cujus,

268 1385 325 1475 qui
351 1386 608 1476 Agamemnonis
634 1386 816 1452 suasoriam
838 1398 1020 1485 exceperat.
1045 1386 1136 1452 Dum
1156 1407 1237 1476 ergo
1253 1387 1313 1478 ju·

268 1552 366 1594 venes
384 1530 563 1596 sententias
579 1527 710 1613 rident,
726 1527 946 1620 ordinemque
962 1528 1064 1596 totius
1081 1492 1237 1596 dictionis
1256 1531 1312 1596 in-

266 1671 412 1758 famant,
432 1686 621 1766 opportune
632 1672 777 1742 subduxi
792 1695 867 1759 me,
884 1685 918 1740 et
930 1672 1053 1739 marsim
1068 1667 1227 1765 Ascylton
1237 1698 1313 1768 per-
1383 1744 1384 1749 ,

265 1817 358 1908 sequi
378 1818 473 1911 coepi.
492 1816 556 1885 Sed
574 1842 635 1884 nec
652 1819 739 1884 viam
757 1816 935 1909 diligenter
954 1815 1129 1903 tenebam,
1146 1839 1225 1902 nee,
1240 1841 1314 1908 quo

266 1958 340 2027 loco
360 1959 529 2028 stabulum
542 1976 642 2047 esset,
658 1951 813 2028 sciebam.
833 1965 950 2056 ltaque
966 1984 1168 2056 quocunque
1184 1962 1310 2048 ieram,

263 2104 378 2176 eodem
399 2104 597 2190 revertebar,
624 2104 731 2174 donec
753 2118 788 2172 et
812 2129 911 2172 eursu
935 2098 1110 2196 fatigatus,
1136 2119 1170 2172 et
1186 2105 1310 2174 sudore
1383 2172 1384 2181 ,

260 2250 327 2340 jam
354 2249 504 2337 madens,
535 2250 656 2320 accedo
674 2249 839 2318 aniculam
863 2250 1067 2344 quamdam,
1085 2275 1160 2334 uuae
1177 2267 1309 2344 agreste
1383 2242 1384 2279 ³

205 2415 210 2430 ·
262 2393 333 2461 olus
351 2393 523 2462 vendebat.

640 2781 809 2849 CAPUT
840 2781 927 2847 Vll.

309 2995 407 3060 -Te
421 3015 522 3084 rogo,
547 2992 703 3084 inquam,
723 3004 846 3075 mater,
872 2987 1037 3082 numquid
1065 2989 1145 3074 scis,
1163 2989 1221 3056 ubi
1242 3014 1305 3082 ego

259 3135 429 3205 habitem?
440 3177 488 3188 -
499 3134 668 3204 Delectata
686 3132 742 3202 illa
764 3133 953 3203 urbanitate
972 3145 1040 3200 tam
1057 3131 1176 3220 stulta,
1195 3148 1245 3202 et:
1257 3175 1303 3188 -·
1380 3158 1385 3233 j

258 3282 387 3372 Quidni
407 3279 528 3352 sciam?
548 3282 676 3373 iuquit;
695 3319 740 3334 -
762 3274 1057 3372 consurrexitque,
1078 3293 1111 3347 et
1131 3281 1231 3374 coepit
1250 3306 1304 3349 me
1383 3346 1384 3355 ,

231 3481 235 3492 .
260 3428 454 3523 praecedere.
470 3429 629 3497 Divinam
641 3449 702 3518 ego
719 3426 898 3520 putabam:
916 3440 951 3494 at
966 3424 1125 3512 subinde,
1144 3427 1230 3494 utin
1251 3383 1301 3494 lol-

257 3599 334 3643 cum
362 3575 568 3642 secretiorem
585 3569 755 3658 venimus,
783 3586 958 3640 centonem
974 3571 1205 3638 anusurbana
1220 3572 1302 3664 reje·
1383 3608 1384 3671 3

258 3722 325 3807 cit;
340 3735 373 3788 et
383 3725 399 3787 :¹
414 3757 453 3774 -
465 3720 543 3807 Hic,
564 3718 684 3812 inquit,
702 3715 801 3786 debes
816 3715 1153 3804 babitare-Quum
1168 3741 1230 3810 ego
1248 3743 1303 3786 ne-
1381 3678 1385 3739 l

257 3892 387 3962 garam,
412 3892 465 3935 me
493 3891 692 3959 cognoscere
715 3863 871 3951 domum,
895 3861 992 3930 video
1015 3862 1177 3955 quosdam
1210 3865 1301 3932 intus

257 4013 370 4081 titulos
389 4011 560 4103 nudasque
573 4010 760 4078 meretrices
777 4006 891 4075 furtim
907 4008 1160 4102 conspatiantes.
1178 4007 1299 4096 Tarde,
1383 4049 1385 4135 V
