2817 4684
278 382 330 441 ιη
547 381 579 435 r.
601 381 782 435 ruraonu
803 381 1024 450 slrxurcox.

590 642 593 649 ’
624 641 789 708 CAPUT
821 641 956 707 XXVI.

317 883 390 948 Jam
411 879 535 973 Psyche
561 879 678 973 puella
706 893 806 973 caput
828 875 1012 947 involverat
1038 879 1212 966 flammeo,
1237 879 1312 970 jam

271 1025 494 1092 embasicoetas
509 1022 701 1116 praeserebat
718 1022 842 1108 facem;
859 1022 927 1114 jam
942 1021 1041 1088 ebriae
1062 1020 1215 1089 mulieres
1236 1020 1314 1088 lon-

268 1190 352 1258 gum
371 1189 489 1257 agmen
509 1165 703 1259 plaudentes
729 1163 890 1251 fecerant,
911 1164 1161 1258 thalamumque
1180 1167 1314 1258 ingesta
1387 1133 1388 1216 i

167 1313 170 1320 ’
270 1323 509 1376 exornaverant
534 1323 633 1376 veste.
655 1311 741 1375 Tum
765 1307 952 1396 Quartilla,
970 1309 1155 1400 jocantium
1175 1332 1314 1401 quoque

269 1451 406 1520 libidine
422 1477 574 1540 accensa,
592 1455 711 1546 etipsa
728 1454 889 1539 surrexit,
909 1467 1163 1546 correptumque
1182 1453 1312 1522 Gitona
1387 1479 1388 1482 ¹

268 1596 302 1663 in
321 1595 508 1663 cubiculum
526 1599 635 1665 traxit.
652 1599 730 1665 Sine
742 1596 845 1664 dubio
863 1622 932 1664 non
950 1610 1193 1690 repugnaverat
1206 1621 1310 1688 puer,

267 1764 305 1841 ac
320 1766 362 1807 ne
376 1738 486 1832 puella
503 1740 638 1834 quidem
649 1741 752 1808 tristis
769 1755 946 1844 expaverat
962 1740 1154 1833 nuptiarum
1172 1763 1309 1806 nomen.
1387 1745 1388 1762 ¹

266 1886 398 1977 Itaque,
411 1910 514 1977 quum
528 1883 647 1952 inclusi
652 1885 811 1976 jacerent,
824 1882 1031 1951 consedimus
1041 1897 1117 1951 ante
1125 1881 1225 1951 limen
1236 1883 1310 1950 tha-

265 1998 359 2113 lami,
375 2042 408 2094 et
426 2029 461 2093 in
479 2028 594 2120 primis
613 2025 794 2114 Quartilla,
816 2051 875 2119 per
898 2027 1016 2093 rimam
1036 2027 1188 2119 improbe
1207 2025 1308 2094 didu-

197 2155 205 2172 ⁴
267 2185 370 2257 ctam,
381 2169 603 2264 applicaverat
615 2170 749 2238 oculum
762 2171 945 2262 curiosum,
957 2169 1130 2262 lusumque
1144 2169 1306 2262 puerilem

265 2313 439 2381 libidinosa
464 2312 694 2407 speculabatur
713 2313 893 2406 diligentia.
916 2315 973 2380 Me
999 2337 1131 2406 quoque
1150 2312 1193 2379 ad
1217 2313 1305 2380 idem
1387 2297 1388 2320 ³

264 2457 486 2551 spectaculum
505 2457 593 2525 lenta
611 2481 714 2524 manu
732 2458 851 2524 traxit:
870 2471 904 2524 et
922 2457 1000 2549 quia
1019 2455 1302 2524 considerantium

204 2675 210 2691 Ι
265 2581 427 2670 haeserant
443 2601 570 2686 vultus,
590 2600 755 2695 quidquid
779 2597 1002 2693 aspectaculo
1029 2599 1187 2684 vacabat,
1215 2625 1304 2666 com·
1387 2611 1388 2614 ’

264 2745 417 2813 movebat
432 2743 573 2837 valgiter
591 2743 698 2830 labra,
719 2758 753 2812 et
769 2768 821 2811 me
837 2715 997 2834 tanquam
1013 2741 1143 2810 furtivis
1163 2743 1304 2810 subinde

263 2882 383 2952 osculis
392 2883 595 2950 verberabat.
609 2879 782 2976 [Libidine
790 2879 963 2968 Quartillae
974 2883 1021 2948 ita
1032 2879 1189 2972 fatigatus
1201 2905 1301 2968 eram,
1387 2861 1388 2924 }

262 3037 300 3090 ut
317 3020 490 3090 recedendi
510 3023 580 3089 vias
598 3021 785 3089 meditarer.
803 3019 936 3113 Ascylto
957 3035 1101 3088 mentem
1120 3020 1300 3106 declaravi,

263 3183 336 3251 quae
363 3157 520 3258 multum¹
531 3157 656 3252 placuit
672 3184 680 3223 ε
699 3157 853 3256 cupiebat
877 3183 911 3224 se
929 3183 969 3225 ex
997 3157 1137 3249 Psyches
1154 3159 1301 3226 vexatio-

261 3302 359 3369 nibus
377 3301 552 3395 expedire:
570 3300 670 3392 idque
689 3301 786 3369 nobis
804 3326 873 3368 non
896 3299 1048 3388 difficile,
1072 3301 1107 3367 ni
1126 3302 1230 3370 Giton
1247 3327 1301 3370 cu-

259 3438 371 3507 biculo
391 3438 505 3506 fuisset
523 3437 669 3505 inclusus
688 3463 696 3503 ε
716 3435 906 3504 volebamus
923 3439 1012 3505 enim
1030 3463 1106 3504 eum
1119 3436 1299 3527 abducere,
1387 3435 1388 3438 ¹

176 3649 178 3651 .
261 3592 293 3645 et
311 3580 520 3646 meretricum
545 3575 736 3670 petulantia
760 3575 961 3644 subtrahere.
989 3579 1060 3643 Hoc
1079 3576 1187 3669 ipsum
1202 3579 1299 3646 anxie

258 3715 510 3800 meditabamur,
523 3737 627 3807 quum
645 3713 832 3806 Pannychis
850 3713 934 3780 lecto
953 3712 1090 3800 cecidit,
1108 3714 1298 3806 Gitonaque
1387 3721 1388 3738 ³

259 3877 320 3922 suo
333 3854 431 3919 traxit
449 3849 610 3944 pondere,
629 3848 767 3918 illaesum
786 3817 913 3936 tamen,
938 3847 1047 3943 puella
1066 3865 1176 3918 autem
1191 3854 1297 3944 capite

256 3987 369 4062 leviter
386 3987 458 4055 laesa
476 4001 570 4054 tanto
583 3984 793 4072 exclamavit,
815 4001 852 4053 ut
863 3988 1029 4058 concitata
1046 4001 1190 4073 terrore,
1209 4013 1293 4080 prae-
1387 4001 1388 4070 j
