<?xml version="1.0" encoding="UTF-8"?>
<!DOCTYPE html PUBLIC "-//W3C//DTD XHTML 1.0 Transitional//EN"
    "http://www.w3.org/TR/xhtml1/DTD/xhtml1-transitional.dtd">
<html xmlns="http://www.w3.org/1999/xhtml" xml:lang="en" lang="en">
 <head>
  <title>
</title>
<meta http-equiv="Content-Type" content="text/html;charset=utf-8" />
  <meta name='ocr-system' content='tesseract 3.04.00' />
  <meta name='ocr-capabilities' content='ocr_page ocr_carea ocr_par ocr_line ocrx_word'/>
</head>
<body>
  <div class='ocr_page' id='page_1' title='image "./lesatyricondetp00conggoog_0197.png"; bbox 0 0 2817 4684; ppageno 0'>
   <div class='ocr_carea' id='block_1_1' title="bbox 259 313 1386 1127">
    <p class='ocr_par' dir='ltr' id='par_1_1' title="bbox 259 313 1386 1127">
     <span class='ocr_line' id='line_1_1' title="bbox 268 313 1295 424; baseline -0.007 -36"><span class='ocrx_word' id='word_1_1' title='bbox 268 336 326 408; x_wconf 66' lang='lat'><strong>194·</strong></span> <span class='ocrx_word' id='word_1_2' title='bbox 540 334 575 394; x_wconf 82' lang='lat' dir='ltr'><strong>r.</strong></span> <span class='ocrx_word' id='word_1_3' title='bbox 597 331 781 388; x_wconf 76' lang='lat' dir='ltr'><strong>aaraomr</strong></span> <span class='ocrx_word' id='word_1_4' title='bbox 801 313 1027 386; x_wconf 75' lang='lat' dir='ltr'><strong>sarrmcon&#39;.</strong></span> <span class='ocrx_word' id='word_1_5' title='bbox 1290 414 1295 424; x_wconf 61' lang='lat'><em>„</em></span> 
     </span>
     <span class='ocr_line' id='line_1_2' title="bbox 265 457 1312 552; baseline -0.004 -24"><span class='ocrx_word' id='word_1_6' title='bbox 265 475 424 552; x_wconf 81' lang='lat' dir='ltr'><strong>tanquam</strong></span> <span class='ocrx_word' id='word_1_7' title='bbox 437 485 553 529; x_wconf 84' lang='lat' dir='ltr'><strong>vasum</strong></span> <span class='ocrx_word' id='word_1_8' title='bbox 570 478 709 530; x_wconf 75' lang='lat' dir='ltr'><strong>aeneum.</strong></span> <span class='ocrx_word' id='word_1_9' title='bbox 727 459 858 528; x_wconf 79' lang='lat' dir='ltr'><strong>Deinde</strong></span> <span class='ocrx_word' id='word_1_10' title='bbox 872 457 1063 528; x_wconf 85' lang='lat' dir='ltr'><strong>martiolum</strong></span> <span class='ocrx_word' id='word_1_11' title='bbox 1076 457 1118 525; x_wconf 91' lang='lat' dir='ltr'><strong>de</strong></span> <span class='ocrx_word' id='word_1_12' title='bbox 1135 459 1214 526; x_wconf 90' lang='lat' dir='ltr'><strong>sinu</strong></span> <span class='ocrx_word' id='word_1_13' title='bbox 1231 482 1312 550; x_wconf 87' lang='lat' dir='ltr'><strong>pro-</strong></span> 
     </span>
     <span class='ocr_line' id='line_1_3' title="bbox 263 601 1309 697; baseline -0.003 -26"><span class='ocrx_word' id='word_1_14' title='bbox 263 602 358 692; x_wconf 86' lang='lat' dir='ltr'><strong>tulit,</strong></span> <span class='ocrx_word' id='word_1_15' title='bbox 379 619 412 672; x_wconf 80' lang='lat' dir='ltr'><strong>et</strong></span> <span class='ocrx_word' id='word_1_16' title='bbox 431 603 576 697; x_wconf 81' lang='lat' dir='ltr'><strong>phialam</strong></span> <span class='ocrx_word' id='word_1_17' title='bbox 598 606 668 671; x_wconf 87' lang='lat' dir='ltr'><strong>otio</strong></span> <span class='ocrx_word' id='word_1_18' title='bbox 684 602 770 671; x_wconf 87' lang='lat' dir='ltr'><strong>belle</strong></span> <span class='ocrx_word' id='word_1_19' title='bbox 792 605 944 670; x_wconf 84' lang='lat' dir='ltr'><strong>correxit.</strong></span> <span class='ocrx_word' id='word_1_20' title='bbox 966 605 1037 670; x_wconf 85' lang='lat' dir='ltr'><strong>Hoc</strong></span> <span class='ocrx_word' id='word_1_21' title='bbox 1056 601 1143 670; x_wconf 90' lang='lat' dir='ltr'><strong>facto</strong></span> <span class='ocrx_word' id='word_1_22' title='bbox 1166 601 1309 695; x_wconf 88' lang='lat' dir='ltr'><strong>putabat</strong></span> 
     </span>
     <span class='ocr_line' id='line_1_4' title="bbox 263 743 1308 840; baseline -0.003 -25"><span class='ocrx_word' id='word_1_23' title='bbox 263 772 297 816; x_wconf 91' lang='lat' dir='ltr'><strong>se</strong></span> <span class='ocrx_word' id='word_1_24' title='bbox 310 747 426 816; x_wconf 83' lang='lat' dir='ltr'><strong>coelum</strong></span> <span class='ocrx_word' id='word_1_25' title='bbox 436 749 527 815; x_wconf 87' lang='lat' dir='ltr'><strong>Jovis</strong></span> <span class='ocrx_word' id='word_1_26' title='bbox 537 761 666 834; x_wconf 82' lang='lat' dir='ltr'><strong>tenere3</strong></span> <span class='ocrx_word' id='word_1_27' title='bbox 678 748 813 840; x_wconf 86' lang='lat' dir='ltr'><strong>utique,</strong></span> <span class='ocrx_word' id='word_1_28' title='bbox 831 759 1008 840; x_wconf 86' lang='lat' dir='ltr'><strong>postquam</strong></span> <span class='ocrx_word' id='word_1_29' title='bbox 1018 744 1065 813; x_wconf 86' lang='lat' dir='ltr'><strong>illi</strong></span> <span class='ocrx_word' id='word_1_30' title='bbox 1080 743 1181 813; x_wconf 84' lang='lat' dir='ltr'><strong>dixit:</strong></span> <span class='ocrx_word' id='word_1_31' title='bbox 1199 743 1308 814; x_wconf 89' lang='lat' dir='ltr'><strong>Num·</strong></span> 
     </span>
     <span class='ocr_line' id='line_1_5' title="bbox 262 888 1386 986; baseline -0.004 -26"><span class='ocrx_word' id='word_1_32' title='bbox 262 891 343 986; x_wconf 91' lang='lat' dir='ltr'><strong>quid</strong></span> <span class='ocrx_word' id='word_1_33' title='bbox 358 889 441 960; x_wconf 87' lang='lat' dir='ltr'><strong>alius</strong></span> <span class='ocrx_word' id='word_1_34' title='bbox 459 892 520 960; x_wconf 88' lang='lat' dir='ltr'><strong>scit</strong></span> <span class='ocrx_word' id='word_1_35' title='bbox 534 891 621 959; x_wconf 92' lang='lat' dir='ltr'><strong>hanc</strong></span> <span class='ocrx_word' id='word_1_36' title='bbox 639 890 848 961; x_wconf 83' lang='lat' dir='ltr'><strong>condituram</strong></span> <span class='ocrx_word' id='word_1_37' title='bbox 867 888 1071 958; x_wconf 80' lang='lat' dir='ltr'><strong>vitreorum?</strong></span> <span class='ocrx_word' id='word_1_38' title='bbox 1088 889 1174 958; x_wconf 90' lang='lat' dir='ltr'><strong>Vide</strong></span> <span class='ocrx_word' id='word_1_39' title='bbox 1190 889 1307 957; x_wconf 90' lang='lat' dir='ltr'><strong>modo.</strong></span> <span class='ocrx_word' id='word_1_40' title='bbox 1385 909 1386 916; x_wconf 53' lang='lat'>¹</span> 
     </span>
     <span class='ocr_line' id='line_1_6' title="bbox 259 1031 1306 1127; baseline -0.003 -24"><span class='ocrx_word' id='word_1_41' title='bbox 259 1038 441 1127; x_wconf 84' lang='lat' dir='ltr'><strong>Postquam</strong></span> <span class='ocrx_word' id='word_1_42' title='bbox 462 1035 613 1126; x_wconf 75' lang='lat' dir='ltr'><strong>negavit,</strong></span> <span class='ocrx_word' id='word_1_43' title='bbox 633 1034 734 1126; x_wconf 81' lang='lat' dir='ltr'><strong>jussit</strong></span> <span class='ocrx_word' id='word_1_44' title='bbox 759 1032 854 1101; x_wconf 84' lang='lat' dir='ltr'><strong>illum</strong></span> <span class='ocrx_word' id='word_1_45' title='bbox 878 1036 989 1103; x_wconf 81' lang='lat' dir='ltr'><strong>Caesar</strong></span> <span class='ocrx_word' id='word_1_46' title='bbox 1015 1031 1195 1119; x_wconf 87' lang='lat' dir='ltr'><strong>decollari;</strong></span> <span class='ocrx_word' id='word_1_47' title='bbox 1225 1035 1306 1125; x_wconf 88' lang='lat' dir='ltr'><strong>quia</strong></span> 
     </span>
    </p>
   </div>
   <div class='ocr_carea' id='block_1_2' title="bbox 260 1167 1199 1272">
    <p class='ocr_par' dir='ltr' id='par_1_2' title="bbox 260 1167 1199 1272">
     <span class='ocr_line' id='line_1_7' title="bbox 260 1167 1199 1272; baseline -0.003 -24"><span class='ocrx_word' id='word_1_48' title='bbox 260 1182 366 1269; x_wconf 84' lang='lat' dir='ltr'><strong>enim,</strong></span> <span class='ocrx_word' id='word_1_49' title='bbox 387 1183 414 1248; x_wconf 71' lang='lat' dir='ltr'><strong>si</strong></span> <span class='ocrx_word' id='word_1_50' title='bbox 433 1167 550 1248; x_wconf 77' lang='lat' dir='ltr'><strong>scitum</strong></span> <span class='ocrx_word' id='word_1_51' title='bbox 568 1194 669 1266; x_wconf 86' lang='lat' dir='ltr'><strong>esset,</strong></span> <span class='ocrx_word' id='word_1_52' title='bbox 688 1202 809 1248; x_wconf 89' lang='lat' dir='ltr'><strong>aurum</strong></span> <span class='ocrx_word' id='word_1_53' title='bbox 825 1201 887 1272; x_wconf 89' lang='lat' dir='ltr'><strong>pro</strong></span> <span class='ocrx_word' id='word_1_54' title='bbox 906 1177 977 1246; x_wconf 88' lang='lat' dir='ltr'><strong>luto</strong></span> <span class='ocrx_word' id='word_1_55' title='bbox 993 1177 1199 1246; x_wconf 78' lang='lat' dir='ltr'><strong>haberemus</strong></span> 
     </span>
    </p>
   </div>
   <div class='ocr_carea' id='block_1_3' title="bbox 635 1881 929 1954">
    <p class='ocr_par' dir='ltr' id='par_1_3' title="bbox 635 1881 929 1954">
     <span class='ocr_line' id='line_1_8' title="bbox 635 1881 929 1954; baseline -0.017 0"><span class='ocrx_word' id='word_1_56' title='bbox 635 1881 808 1954; x_wconf 82' lang='lat' dir='ltr'><strong>CAPUT·</strong></span> <span class='ocrx_word' id='word_1_57' title='bbox 842 1885 929 1952; x_wconf 89' lang='lat' dir='ltr'><strong>LII.</strong></span> 
     </span>
    </p>
   </div>
   <div class='ocr_carea' id='block_1_4' title="bbox 149 2091 1386 3922">
    <p class='ocr_par' dir='ltr' id='par_1_4' title="bbox 149 2091 1386 3930">
     <span class='ocr_line' id='line_1_9' title="bbox 149 2091 1303 2194; baseline -0.001 -28"><span class='ocrx_word' id='word_1_58' title='bbox 149 2092 167 2116; x_wconf 43' lang='lat'><em>*</em></span> <span class='ocrx_word' id='word_1_59' title='bbox 233 2139 237 2147; x_wconf 90' lang='lat'><em>·</em></span> <span class='ocrx_word' id='word_1_60' title='bbox 302 2096 342 2166; x_wconf 84' lang='lat' dir='ltr'><strong>ln</strong></span> <span class='ocrx_word' id='word_1_61' title='bbox 359 2115 498 2193; x_wconf 82' lang='lat' dir='ltr'><strong>argento</strong></span> <span class='ocrx_word' id='word_1_62' title='bbox 512 2091 611 2194; x_wconf 83' lang='lat' dir='ltr'><strong>piane</strong></span> <span class='ocrx_word' id='word_1_63' title='bbox 630 2101 797 2170; x_wconf 87' lang='lat' dir='ltr'><strong>studiosus</strong></span> <span class='ocrx_word' id='word_1_64' title='bbox 816 2127 900 2168; x_wconf 92' lang='lat' dir='ltr'><strong>sum.</strong></span> <span class='ocrx_word' id='word_1_65' title='bbox 914 2101 1028 2170; x_wconf 88' lang='lat' dir='ltr'><strong>Habeo</strong></span> <span class='ocrx_word' id='word_1_66' title='bbox 1045 2099 1185 2194; x_wconf 89' lang='lat' dir='ltr'><strong>scyphos</strong></span> <span class='ocrx_word' id='word_1_67' title='bbox 1201 2117 1303 2166; x_wconf 82' lang='lat' dir='ltr'><strong>urna-</strong></span> 
     </span>
     <span class='ocr_line' id='line_1_10' title="bbox 254 2242 1386 2336; baseline 0.001 -27"><span class='ocrx_word' id='word_1_68' title='bbox 254 2242 317 2329; x_wconf 86' lang='lat' dir='ltr'><strong>les,</strong></span> <span class='ocrx_word' id='word_1_69' title='bbox 335 2242 410 2336; x_wconf 91' lang='lat' dir='ltr'><strong>plus</strong></span> <span class='ocrx_word' id='word_1_70' title='bbox 427 2246 548 2312; x_wconf 90' lang='lat' dir='ltr'><strong>minus.</strong></span> <span class='ocrx_word' id='word_1_71' title='bbox 563 2245 856 2333; x_wconf 86' lang='lat' dir='ltr'><strong>Quemadmodum</strong></span> <span class='ocrx_word' id='word_1_72' title='bbox 869 2246 1057 2314; x_wconf 87' lang='lat' dir='ltr'><strong>Cassandra</strong></span> <span class='ocrx_word' id='word_1_73' title='bbox 1074 2244 1198 2313; x_wconf 88' lang='lat' dir='ltr'><strong>occidit</strong></span> <span class='ocrx_word' id='word_1_74' title='bbox 1215 2243 1303 2312; x_wconf 87' lang='lat' dir='ltr'><strong>filios</strong></span> <span class='ocrx_word' id='word_1_75' title='bbox 1385 2291 1386 2300; x_wconf 22' lang='grc' dir='ltr'>η</span> 
     </span>
     <span class='ocr_line' id='line_1_11' title="bbox 253 2387 1301 2481; baseline 0 -28"><span class='ocrx_word' id='word_1_76' title='bbox 253 2409 348 2453; x_wconf 86' lang='lat' dir='ltr'><strong>suos:</strong></span> <span class='ocrx_word' id='word_1_77' title='bbox 368 2400 401 2454; x_wconf 87' lang='lat' dir='ltr'><strong>et</strong></span> <span class='ocrx_word' id='word_1_78' title='bbox 420 2389 515 2480; x_wconf 87' lang='lat' dir='ltr'><strong>pueri</strong></span> <span class='ocrx_word' id='word_1_79' title='bbox 534 2389 657 2456; x_wconf 90' lang='lat' dir='ltr'><strong>mortui</strong></span> <span class='ocrx_word' id='word_1_80' title='bbox 673 2389 785 2480; x_wconf 82' lang='lat' dir='ltr'><strong>jacent</strong></span> <span class='ocrx_word' id='word_1_81' title='bbox 807 2391 873 2473; x_wconf 85' lang='lat' dir='ltr'><strong>sic,</strong></span> <span class='ocrx_word' id='word_1_82' title='bbox 892 2390 941 2456; x_wconf 87' lang='lat' dir='ltr'><strong>uti</strong></span> <span class='ocrx_word' id='word_1_83' title='bbox 960 2413 1036 2456; x_wconf 84' lang='lat' dir='ltr'><strong>vere</strong></span> <span class='ocrx_word' id='word_1_84' title='bbox 1059 2401 1164 2481; x_wconf 80' lang='lat' dir='ltr'><strong>putea.</strong></span> <span class='ocrx_word' id='word_1_85' title='bbox 1183 2387 1301 2454; x_wconf 83' lang='lat' dir='ltr'><strong>Habeo</strong></span> 
     </span>
     <span class='ocr_line' id='line_1_12' title="bbox 252 2525 1386 2624; baseline -0.002 -28"><span class='ocrx_word' id='word_1_86' title='bbox 252 2529 416 2621; x_wconf 75' lang='lat' dir='ltr'><strong>capidem,</strong></span> <span class='ocrx_word' id='word_1_87' title='bbox 435 2545 536 2621; x_wconf 82' lang='lat' dir='ltr'><strong>quam</strong></span> <span class='ocrx_word' id='word_1_88' title='bbox 552 2528 687 2622; x_wconf 82' lang='lat' dir='ltr'><strong>reliquit</strong></span> <span class='ocrx_word' id='word_1_89' title='bbox 707 2545 850 2624; x_wconf 82' lang='lat' dir='ltr'><strong>patrono</strong></span> <span class='ocrx_word' id='word_1_90' title='bbox 865 2533 1044 2624; x_wconf 86' lang='lat' dir='ltr'><strong>meoMys,</strong></span> <span class='ocrx_word' id='word_1_91' title='bbox 1065 2529 1124 2597; x_wconf 88' lang='lat' dir='ltr'><strong>ubi</strong></span> <span class='ocrx_word' id='word_1_92' title='bbox 1140 2525 1300 2597; x_wconf 84' lang='lat' dir='ltr'><strong>Daedalus</strong></span> <span class='ocrx_word' id='word_1_93' title='bbox 1385 2547 1386 2576; x_wconf 52' lang='lat' dir='ltr'><strong>i</strong></span> 
     </span>
     <span class='ocr_line' id='line_1_13' title="bbox 250 2657 1300 2767; baseline 0 -28"><span class='ocrx_word' id='word_1_94' title='bbox 250 2661 382 2741; x_wconf 74' lang='lat' dir='ltr'><strong>Nioben</strong></span> <span class='ocrx_word' id='word_1_95' title='bbox 409 2675 443 2740; x_wconf 93' lang='lat' dir='ltr'><strong>in</strong></span> <span class='ocrx_word' id='word_1_96' title='bbox 469 2700 592 2766; x_wconf 92' lang='lat' dir='ltr'><strong>equum</strong></span> <span class='ocrx_word' id='word_1_97' title='bbox 621 2675 790 2767; x_wconf 87' lang='lat' dir='ltr'><strong>trojanum</strong></span> <span class='ocrx_word' id='word_1_98' title='bbox 817 2673 966 2743; x_wconf 80' lang='lat' dir='ltr'><strong>includit.</strong></span> <span class='ocrx_word' id='word_1_99' title='bbox 991 2679 1064 2743; x_wconf 87' lang='lat' dir='ltr'><strong>Jam</strong></span> <span class='ocrx_word' id='word_1_100' title='bbox 1092 2657 1300 2742; x_wconf 82' lang='lat' dir='ltr'><strong>Hermerotis</strong></span> 
     </span>
     <span class='ocr_line' id='line_1_14' title="bbox 250 2779 1386 2914; baseline 0 -28"><span class='ocrx_word' id='word_1_101' title='bbox 250 2842 379 2910; x_wconf 81' lang='lat' dir='ltr'><strong>pugnas</strong></span> <span class='ocrx_word' id='word_1_102' title='bbox 394 2832 427 2895; x_wconf 78' lang='lat' dir='ltr'><strong>et</strong></span> <span class='ocrx_word' id='word_1_103' title='bbox 443 2816 603 2886; x_wconf 86' lang='lat' dir='ltr'><strong>Petractis</strong></span> <span class='ocrx_word' id='word_1_104' title='bbox 622 2820 657 2884; x_wconf 92' lang='lat' dir='ltr'><strong>in</strong></span> <span class='ocrx_word' id='word_1_105' title='bbox 674 2817 803 2914; x_wconf 90' lang='lat' dir='ltr'><strong>poculis</strong></span> <span class='ocrx_word' id='word_1_106' title='bbox 821 2819 945 2888; x_wconf 86' lang='lat' dir='ltr'><strong>habeo:</strong></span> <span class='ocrx_word' id='word_1_107' title='bbox 966 2820 1077 2886; x_wconf 90' lang='lat' dir='ltr'><strong>omnia</strong></span> <span class='ocrx_word' id='word_1_108' title='bbox 1091 2817 1297 2911; x_wconf 89' lang='lat' dir='ltr'><strong>ponderosa;</strong></span> <span class='ocrx_word' id='word_1_109' title='bbox 1385 2779 1386 2798; x_wconf 28' lang='lat' dir='ltr'><strong>i</strong></span> 
     </span>
     <span class='ocr_line' id='line_1_15' title="bbox 249 2961 1296 3054; baseline 0.002 -26"><span class='ocrx_word' id='word_1_110' title='bbox 249 2987 359 3028; x_wconf 91' lang='lat' dir='ltr'><strong>meum</strong></span> <span class='ocrx_word' id='word_1_111' title='bbox 388 2964 499 3048; x_wconf 92' lang='lat' dir='ltr'><strong>enim,</strong></span> <span class='ocrx_word' id='word_1_112' title='bbox 530 2961 697 3054; x_wconf 81' lang='lat' dir='ltr'><strong>intellige,</strong></span> <span class='ocrx_word' id='word_1_113' title='bbox 727 2961 818 3032; x_wconf 87' lang='lat' dir='ltr'><strong>nulla</strong></span> <span class='ocrx_word' id='word_1_114' title='bbox 846 2965 987 3054; x_wconf 90' lang='lat' dir='ltr'><strong>pecunia</strong></span> <span class='ocrx_word' id='word_1_115' title='bbox 1010 2963 1128 3031; x_wconf 88' lang='lat' dir='ltr'><strong>vendo.</strong></span> <span class='ocrx_word' id='word_1_116' title='bbox 1154 3003 1195 3016; x_wconf 83' lang='lat'><strong>--</strong></span> <span class='ocrx_word' id='word_1_117' title='bbox 1217 2967 1296 3030; x_wconf 82' lang='lat' dir='ltr'><strong>Haec</strong></span> 
     </span>
     <span class='ocr_line' id='line_1_16' title="bbox 249 3105 1296 3200; baseline 0 -27"><span class='ocrx_word' id='word_1_118' title='bbox 249 3106 330 3173; x_wconf 92' lang='lat' dir='ltr'><strong>dum</strong></span> <span class='ocrx_word' id='word_1_119' title='bbox 349 3105 465 3191; x_wconf 81' lang='lat' dir='ltr'><strong>refert,</strong></span> <span class='ocrx_word' id='word_1_120' title='bbox 490 3132 574 3199; x_wconf 94' lang='lat' dir='ltr'><strong>puer</strong></span> <span class='ocrx_word' id='word_1_121' title='bbox 592 3106 726 3174; x_wconf 84' lang='lat' dir='ltr'><strong>calicem</strong></span> <span class='ocrx_word' id='word_1_122' title='bbox 745 3108 899 3200; x_wconf 77' lang='lat' dir='ltr'><strong>projecit3</strong></span> <span class='ocrx_word' id='word_1_123' title='bbox 926 3106 968 3174; x_wconf 89' lang='lat' dir='ltr'><strong>ad</strong></span> <span class='ocrx_word' id='word_1_124' title='bbox 994 3133 1092 3200; x_wconf 92' lang='lat' dir='ltr'><strong>quem</strong></span> <span class='ocrx_word' id='word_1_125' title='bbox 1114 3108 1296 3199; x_wconf 83' lang='lat' dir='ltr'><strong>respiciens</strong></span> 
     </span>
     <span class='ocr_line' id='line_1_17' title="bbox 247 3215 1386 3343; baseline -0.002 -25"><span class='ocrx_word' id='word_1_126' title='bbox 247 3248 464 3335; x_wconf 82' lang='lat' dir='ltr'><strong>Trimalchio,</strong></span> <span class='ocrx_word' id='word_1_127' title='bbox 479 3291 522 3304; x_wconf 92' lang='lat'>-</span> <span class='ocrx_word' id='word_1_128' title='bbox 538 3252 633 3336; x_wconf 87' lang='lat' dir='ltr'><strong>Cito,</strong></span> <span class='ocrx_word' id='word_1_129' title='bbox 649 3249 777 3342; x_wconf 87' lang='lat' dir='ltr'><strong>inquit,</strong></span> <span class='ocrx_word' id='word_1_130' title='bbox 799 3251 951 3343; x_wconf 90' lang='lat' dir='ltr'><strong>teipsum</strong></span> <span class='ocrx_word' id='word_1_131' title='bbox 964 3250 1072 3334; x_wconf 86' lang='lat' dir='ltr'><strong>caede,</strong></span> <span class='ocrx_word' id='word_1_132' title='bbox 1091 3251 1169 3343; x_wconf 88' lang='lat' dir='ltr'><strong>quia</strong></span> <span class='ocrx_word' id='word_1_133' title='bbox 1180 3275 1292 3342; x_wconf 84' lang='lat' dir='ltr'><strong>nugax</strong></span> <span class='ocrx_word' id='word_1_134' title='bbox 1385 3215 1386 3254; x_wconf 41' lang='lat' dir='ltr'><strong>i</strong></span> 
     </span>
     <span class='ocr_line' id='line_1_18' title="bbox 247 3389 1293 3487; baseline 0 -27"><span class='ocrx_word' id='word_1_135' title='bbox 247 3417 289 3460; x_wconf 73' lang='lat' dir='ltr'><strong>es.</strong></span> <span class='ocrx_word' id='word_1_136' title='bbox 314 3435 357 3448; x_wconf 93' lang='lat'>-</span> <span class='ocrx_word' id='word_1_137' title='bbox 369 3394 488 3472; x_wconf 80' lang='lat' dir='ltr'><strong>Statim</strong></span> <span class='ocrx_word' id='word_1_138' title='bbox 498 3393 747 3487; x_wconf 80' lang='lat' dir='ltr'><strong>puer,demiss0</strong></span> <span class='ocrx_word' id='word_1_139' title='bbox 758 3391 851 3463; x_wconf 82' lang='lat' dir='ltr'><strong>labro</strong></span> <span class='ocrx_word' id='word_1_140' title='bbox 864 3409 987 3476; x_wconf 74' lang='lat' dir='ltr'><strong>,oraro⁸</strong></span> <span class='ocrx_word' id='word_1_141' title='bbox 1001 3389 1125 3476; x_wconf 77' lang='lat' dir='ltr'><strong>mille,</strong></span> <span class='ocrx_word' id='word_1_142' title='bbox 1143 3392 1293 3480; x_wconf 86' lang='lat' dir='ltr'><strong>-Quid</strong></span> 
     </span>
     <span class='ocr_line' id='line_1_19' title="bbox 246 3515 1386 3640; baseline 0 -36"><span class='ocrx_word' id='word_1_143' title='bbox 246 3555 315 3622; x_wconf 76' lang='lat' dir='ltr'><strong>me,</strong></span> <span class='ocrx_word' id='word_1_144' title='bbox 331 3515 457 3630; x_wconf 88' lang='lat' dir='ltr'><strong>inquit,</strong></span> <span class='ocrx_word' id='word_1_145' title='bbox 477 3536 594 3630; x_wconf 74' lang='lat' dir='ltr'><strong>rogas?</strong></span> <span class='ocrx_word' id='word_1_146' title='bbox 612 3551 770 3630; x_wconf 85' lang='lat' dir='ltr'><strong>tanquam</strong></span> <span class='ocrx_word' id='word_1_147' title='bbox 787 3538 926 3630; x_wconf 79' lang='lat' dir='ltr'><strong>egotibi</strong></span> <span class='ocrx_word' id='word_1_148' title='bbox 944 3535 1101 3622; x_wconf 83' lang='lat' dir='ltr'><strong>molestus</strong></span> <span class='ocrx_word' id='word_1_149' title='bbox 1117 3539 1198 3603; x_wconf 87' lang='lat' dir='ltr'><strong>sim:</strong></span> <span class='ocrx_word' id='word_1_150' title='bbox 1218 3561 1293 3604; x_wconf 89' lang='lat' dir='ltr'><strong>sua·</strong></span> <span class='ocrx_word' id='word_1_151' title='bbox 1385 3627 1386 3640; x_wconf 10' lang='grc' dir='ltr'>χ</span> 
     </span>
     <span class='ocr_line' id='line_1_20' title="bbox 246 3669 1386 3786; baseline 0.005 -39"><span class='ocrx_word' id='word_1_152' title='bbox 246 3678 325 3763; x_wconf 90' lang='lat' dir='ltr'><strong>deo,</strong></span> <span class='ocrx_word' id='word_1_153' title='bbox 352 3707 371 3748; x_wconf 93' lang='lat' dir='ltr'><strong>a</strong></span> <span class='ocrx_word' id='word_1_154' title='bbox 399 3696 431 3750; x_wconf 90' lang='lat' dir='ltr'><strong>te</strong></span> <span class='ocrx_word' id='word_1_155' title='bbox 442 3682 630 3777; x_wconf 57' lang='lat' dir='ltr'><strong>impetam,</strong></span> <span class='ocrx_word' id='word_1_156' title='bbox 673 3709 715 3751; x_wconf 91' lang='lat' dir='ltr'><strong>ne</strong></span> <span class='ocrx_word' id='word_1_157' title='bbox 737 3685 780 3750; x_wconf 91' lang='lat' dir='ltr'><strong>sis</strong></span> <span class='ocrx_word' id='word_1_158' title='bbox 804 3669 923 3774; x_wconf 80' lang='lat' dir='ltr'><strong>nugax.</strong></span> <span class='ocrx_word' id='word_1_159' title='bbox 952 3722 994 3734; x_wconf 88' lang='lat'><em>-</em></span> <span class='ocrx_word' id='word_1_160' title='bbox 1018 3681 1165 3786; x_wconf 85' lang='lat' dir='ltr'><strong>Tandem</strong></span> <span class='ocrx_word' id='word_1_161' title='bbox 1191 3706 1292 3773; x_wconf 84' lang='lat' dir='ltr'><strong>erge,</strong></span> <span class='ocrx_word' id='word_1_162' title='bbox 1385 3685 1386 3754; x_wconf 78' lang='lat'><em>}</em></span> 
     </span>
     <span class='ocr_line' id='line_1_21' title="bbox 244 3827 1291 3922; baseline -0.001 -28"><span class='ocrx_word' id='word_1_163' title='bbox 244 3842 397 3897; x_wconf 86' lang='lat' dir='ltr'><strong>exoratus</strong></span> <span class='ocrx_word' id='word_1_164' title='bbox 417 3855 436 3897; x_wconf 88' lang='lat' dir='ltr'><strong>a</strong></span> <span class='ocrx_word' id='word_1_165' title='bbox 456 3831 580 3913; x_wconf 88' lang='lat' dir='ltr'><strong>nobis,</strong></span> <span class='ocrx_word' id='word_1_166' title='bbox 605 3831 794 3897; x_wconf 92' lang='lat' dir='ltr'><strong>missionem</strong></span> <span class='ocrx_word' id='word_1_167' title='bbox 819 3829 910 3896; x_wconf 92' lang='lat' dir='ltr'><strong>dedit</strong></span> <span class='ocrx_word' id='word_1_168' title='bbox 933 3855 1047 3922; x_wconf 79' lang='lat' dir='ltr'><strong>puero</strong></span> <span class='ocrx_word' id='word_1_169' title='bbox 1071 3827 1132 3896; x_wconf 82' lang='lat'>1110</span> <span class='ocrx_word' id='word_1_170' title='bbox 1154 3828 1291 3895; x_wconf 90' lang='lat' dir='ltr'><strong>dimisso</strong></span> 
     </span>
    </p>
   </div>
   <div class='ocr_carea' id='block_1_5' title="bbox 243 3969 1386 4066">
    <p class='ocr_par' dir='ltr' id='par_1_5' title="bbox 243 3969 1386 4066">
     <span class='ocr_line' id='line_1_22' title="bbox 243 3969 1386 4066; baseline 0 -26"><span class='ocrx_word' id='word_1_171' title='bbox 243 3975 331 4041; x_wconf 74' lang='lat' dir='ltr'><strong>circa</strong></span> <span class='ocrx_word' id='word_1_172' title='bbox 348 3999 496 4042; x_wconf 88' lang='lat' dir='ltr'><strong>mensam</strong></span> <span class='ocrx_word' id='word_1_173' title='bbox 513 3977 740 4066; x_wconf 81' lang='lat' dir='ltr'><strong>percucurrit,</strong></span> <span class='ocrx_word' id='word_1_174' title='bbox 760 3989 793 4040; x_wconf 86' lang='lat' dir='ltr'><strong>et</strong></span> <span class='ocrx_word' id='word_1_175' title='bbox 812 3999 819 4040; x_wconf 93' lang='lat'>:</span> <span class='ocrx_word' id='word_1_176' title='bbox 840 4009 882 4028; x_wconf 45' lang='grc' dir='ltr'><strong>-ὴ</strong></span> <span class='ocrx_word' id='word_1_177' title='bbox 900 3978 1029 4066; x_wconf 86' lang='lat' dir='ltr'><strong>Aquam</strong></span> <span class='ocrx_word' id='word_1_178' title='bbox 1051 3969 1154 4041; x_wconf 79' lang='lat' dir='ltr'><strong>foras!</strong></span> <span class='ocrx_word' id='word_1_179' title='bbox 1174 3975 1291 4040; x_wconf 87' lang='lat' dir='ltr'><strong>vinum</strong></span> <span class='ocrx_word' id='word_1_180' title='bbox 1385 4021 1386 4040; x_wconf 51' lang='lat'>2</span> 
     </span>
    </p>
   </div>
   <div class='ocr_carea' id='block_1_6' title="bbox 0 0 1414 4684">
    <p class='ocr_par' dir='ltr' id='par_1_6' title="bbox 0 0 1414 4684">
     <span class='ocr_line' id='line_1_23' title="bbox 0 0 1414 4684; baseline 0 6"><span class='ocrx_word' id='word_1_181' title='bbox 0 0 1414 4684; x_wconf 95' lang='lat' dir='ltr'><strong> </strong></span> 
     </span>
    </p>
   </div>
  </div>
 </body>
</html>
