2817 4684
245 436 306 474 aaa
523 415 557 471 Τ.
578 414 760 475 Pmoun
779 416 1001 475 sarrmcou.

248 564 322 610 mus
332 538 447 627 altius,
462 540 673 632 etbugusto,
690 540 777 633 patri
787 540 916 633 patriae,
935 536 1105 609 Feliciterl
1119 539 1293 610 diximus:

246 682 449 778 quibusdam
463 696 589 776 tamen,
603 682 701 750 etiam
713 681 886 776 posthanc
901 684 1167 769 venerationem,
1185 708 1293 777 poma

245 825 472 921 rapientibus,
488 839 521 894 et
537 825 600 919 ipsi
617 825 656 893 iis
678 850 816 919 mappas
837 825 1055 921 implevimus.
1075 828 1147 918 Ego
1165 826 1289 919 praeci·
1385 836 1386 861 ¹

180 1009 186 1027 τ
251 994 332 1065 pue,
349 970 408 1064 qui
428 967 521 1038 nullo
541 970 619 1037 satis
638 967 747 1063 amplo
763 994 900 1039 munere
912 969 1070 1064 putabam
1082 994 1135 1038 me
1146 993 1292 1038 onerare

251 1114 385 1183 Gitonis
405 1114 526 1180 sinum.
545 1115 639 1181 Inter
653 1110 725 1181 haec
745 1110 933 1221 trespueri,
950 1111 1107 1179 candidas
1124 1112 1290 1180 succincti

251 1259 401 1343 tunicas,
419 1256 647 1323 intraverunt:
662 1278 806 1346 quorum
820 1254 886 1324 duo
905 1258 1006 1325 Lares
1025 1252 1166 1323 bullatos
1186 1280 1294 1349 super
1386 1348 1387 1355 ἵ

252 1421 399 1467 mensam
421 1408 623 1489 posuerunt3
648 1417 733 1463 unus
757 1408 905 1488 pateram
931 1392 1001 1461 vini
1031 1393 1290 1483 circumferens,

254 1542 312 1611 Dii
323 1535 481 1635 propitii!
501 1538 672 1611 clamabat.
687 1537 804 1607 Aiebat
812 1553 944 1623 autem,
961 1562 1066 1607 unum
1080 1538 1290 1627 Cerdonem,

130 1675 135 1688 ¹
256 1686 395 1756 alterum
420 1684 639 1771 Felicionem,
671 1686 805 1754 tertium
839 1687 1027 1755 Lueronem
1057 1688 1179 1754 vocari.
1216 1688 1293 1757 Nos

253 1832 354 1900 etiam
369 1849 480 1898 veram
499 1827 673 1925 imaginem
685 1828 789 1922 ipsius
805 1825 1079 1916 Trimalchionis,
1096 1852 1200 1920 quum
1215 1828 1289 1921 jam

254 1999 369 2043 omnes
386 1974 568 2062 basiarent,
585 1973 775 2042 erubuimus
794 1973 972 2066 praeterire.

622 2688 789 2759 CAPUT
818 2684 912 2753 LXI.

307 2921 485 3012 Postquam
508 2942 588 3011 ergo
613 2941 728 2985 omnes
755 2916 876 2983 bonam
902 2923 1066 2990 mentem,
1101 2904 1293 2991 bonamque

259 3062 481 3133 valetudinem
494 3063 557 3132 sibi
573 3074 751 3156 optarunt,
763 3054 962 3127 Trimalchio
974 3052 1016 3121 ad
1035 3049 1224 3119 Nicerotem
1241 3066 1294 3109 re·

255 3211 382 3305 spexit3
398 3224 450 3277 et:
468 3248 515 3261 -
525 3205 678 3289 Solebas,
694 3203 819 3296 inquit,
834 3199 964 3269 suavius
974 3220 1045 3266 esse
1063 3194 1098 3263 in
1113 3189 1269 3260 convictu
1283 3211 1295 3271 3

259 3355 372 3424 nescio
381 3405 391 3442 ,
409 3353 489 3445 quid
506 3374 597 3419 nunc
613 3366 720 3437 taces,
737 3370 798 3417 nec
811 3342 928 3415 mutis?
944 3343 1015 3411 Oro
1029 3354 1081 3425 te,
1101 3336 1149 3405 sic
1166 3331 1294 3402 felicem

259 3522 315 3565 me
333 3496 461 3581 videas,
475 3518 574 3563 narra
590 3490 687 3573 illud,
704 3488 796 3584 quod
814 3486 871 3557 tibi
888 3509 952 3555 usu
975 3482 1077 3551 venit.
1094 3518 1138 3535 -
1155 3478 1298 3548 Niceros

258 3640 442 3713 delectatus
466 3635 658 3711 affabilitate
681 3636 799 3721 amici,
816 3670 859 3689 -·
875 3636 985 3703 Omne
1006 3650 1076 3712 me,
1099 3623 1228 3716 inquit,
1244 3619 1296 3687 lu·

144 3861 149 3874 Ι
260 3802 359 3855 crum
390 3796 554 3868 transeat,
588 3780 652 3849 nisi
679 3774 873 3871 jamdudum
904 3768 1118 3867 gaudimonio
1146 3762 1298 3877 dissilio,

260 3927 355 4023 quod
369 3941 401 3996 te
417 3923 516 3994 talem
531 3922 639 3992 video.
653 3923 770 4013 Itaque
779 3917 897 3989 hilaria
910 3937 1000 3984 mera
1011 3912 1095 3997 siut,
1115 3908 1176 3977 etsi
1196 3908 1298 3973 timeo

263 4075 344 4142 istos
359 4068 580 4154 scholasticos,
596 4088 702 4134 neme
716 4060 902 4131 derideant:
918 4054 1072 4127 viderint.
1083 4048 1238 4122 Narrabo
1249 4060 1300 4115 ta·
