2817 4684
251 367 307 418 ²7⁰
521 349 555 401 T.
576 346 757 402 Putaoutt
777 346 1007 403 saututcou.

573 948 741 1015 CAPUT
772 946 962 1014 LXXVII.

296 1162 410 1253 Rogo,
434 1162 592 1229 Habinna
612 1160 734 1257 (puto,
752 1162 978 1255 interfuisti);
997 1190 1014 1225 α
1027 1164 1083 1229 Tu·
1106 1158 1298 1227 dominium

252 1319 346 1374 tuum
365 1306 406 1375 de
423 1306 521 1375 rebus
538 1306 665 1402 pusillis
682 1307 786 1376 fecisti
803 1334 810 1375 :
827 1322 864 1375 tu
881 1332 999 1401 parum
1017 1304 1094 1373 felin
1118 1305 1153 1370 in
1168 1303 1300 1369 amicos
1389 1334 1390 1339 κ

251 1476 306 1537 es;
330 1478 429 1521 nemo
454 1476 602 1545 uuquam
628 1454 688 1521 tibi
717 1478 830 1547 parem
857 1454 997 1545 gratiam
1026 1449 1154 1537 refert3
1183 1464 1219 1519 tu
1248 1446 1302 1515 la·
1389 1486 1390 1509 t

253 1598 395 1667 tifuudia
426 1598 600 1691 possides,
621 1613 658 1667 tu
683 1600 831 1691 viperam
857 1597 919 1665 sub
947 1595 1001 1665 ala
1030 1596 1186 1663 nutricas.
1205 1622 1222 1657 n
1253 1594 1302 1660 Et
1389 1618 1390 1669 t

253 1740 335 1834 quid
360 1742 457 1809 vobis
479 1765 547 1808 non
573 1740 736 1809 dixerim?
758 1754 791 1809 et
808 1765 899 1808 nunc
919 1741 965 1807 mi
989 1750 1117 1807 restare·
1133 1738 1210 1805 vitae
1235 1762 1301 1805 an·
1389 1828 1390 1833 ἵ

157 1965 159 1970 ,
255 1909 316 1953 nos
333 1886 487 1979 triginta,
505 1898 539 1953 et
556 1909 683 1953 menses
702 1898 856 1977 quatuor,
875 1896 908 1951 ct
927 1882 995 1951 dies
1015 1879 1120 1951 duos?
1136 1885 1302 1950 Praeterca
1389 1872 1390 1915 ³

255 2031 321 2097 cito
344 2030 504 2123 accipiam
533 2027 759 2097 hereditatem.
778 2032 851 2097 Hoc
873 2026 955 2095 mihi
981 2026 1063 2094 dicit
1078 2026 1165 2095 satus
1192 2050 1299 2093 meus.

256 2176 357 2263 Quod
382 2178 410 2244 si
428 2178 606 2269 contigerit
628 2176 750 2245 fundos
774 2175 902 2270 Apuliae
921 2176 1081 2269 jungere,
1101 2178 1178 2245 satis
1200 2177 1300 2243 vivus
1349 2160 1365 2172 ..
1389 2156 1390 2159 Ἴ

258 2348 449 2417 pervenero.
475 2325 631 2410 Interim,
662 2323 743 2391 dum
766 2326 952 2393 Mercurius
977 2323 1109 2417 vigilat,
1136 2322 1300 2393 aedilicavi

257 2470 345 2539 hanc
361 2470 497 2540 domum
518 2496 526 2539 ε
544 2485 582 2539 ut
597 2472 687 2540 scitis
707 2471 817 2540 casula
833 2486 923 2555 erat,
945 2497 1036 2540 nunc
1052 2471 1213 2566 templum
1229 2486 1301 2557 est,

259 2620 359 2689 habet
384 2634 528 2713 quatuor
553 2624 780 2705 coeuationes,
808 2621 961 2691 cubicula
987 2622 1126 2715 viginti,
1152 2622 1305 2715 porticus

260 2783 475 2838 marmoratas
491 2768 592 2856 duas,
609 2794 724 2838 susum
740 2767 966 2855 collationem,
980 2767 1170 2837 cubiculum
1180 2767 1216 2835 in
1233 2792 1304 2859 quo

261 2920 330 3013 ipse
344 2910 490 3004 dormio,
506 2920 626 3016 viperae
643 2918 742 3014 hujus
756 2880 948 3006 sessorium,
962 2920 1091 2987 ostiarii
1100 2918 1216 2987 cellam
1230 2878 1306 3012 per-

262 3068 401 3155 bonam,
429 3070 610 3162 hospitium
635 3080 769 3136 acutum
797 3067 942 3161 hospites
959 3068 1058 3161 capit.
1082 3066 1135 3135 Ad
1159 3090 1306 3153 summa,

263 3219 425 3304 Scaurus,
437 3241 541 3310 quum
557 3215 624 3284 huc
640 3215 746 3303 venit,
765 3240 929 3307 nusquam
945 3214 1105 3284 mavoluit
1118 3214 1305 3310 hospitari,

262 3382 296 3433 et
314 3364 414 3433 habet
437 3365 480 3433 ad
504 3390 595 3433 mare
620 3380 796 3459 paternum
823 3364 1005 3460 hospitium
1030 3391 1038 3433 :
1060 3379 1093 3433 et
1118 3363 1224 3433 multa
1239 3363 1306 3432 alia

264 3529 363 3598 sunt,
377 3538 452 3622 ffuae
473 3515 584 3581 statim
601 3513 695 3580 vobis
713 3512 894 3581 ostendam.
918 3510 1052 3581 Credite
1076 3513 1182 3580 mihi:
1200 3538 1306 3581 assem

262 3663 401 3750 habeas,
419 3688 523 3733 assem
545 3662 654 3731 valeas
672 3688 681 3729 ε
704 3662 821 3749 habes,
838 3661 1021 3729 habeberis.
1039 3664 1094 3730 Sic
1108 3664 1233 3731 amicus
1251 3688 1308 3731 ve·

266 3826 343 3899 ster,
354 3813 412 3904 qui
429 3811 492 3881 suit
507 3837 604 3900 rana,
622 3835 713 3879 nunc
732 3822 780 3903 est
796 3835 864 3877 rexi
879 3810 1034 3897 Interim,
1051 3810 1176 3896 Stiche',
1195 3808 1309 3903 profer

267 3960 396 4050 vitalia,
423 3963 458 4029 in
484 3962 606 4053 quibus
629 3960 706 4029 volo
738 3986 790 4027 me
814 3936 934 4028 efferri.
962 3948 1077 4027 Profer
1100 3973 1134 4026 et
1155 3983 1310 4051 unguen-
