2817 4684
214 333 223 342 ’
242 364 297 418 168
521 365 553 418 r.
574 363 756 418 rnrnonu
776 361 996 420 sarraicoiv.

242 627 366 697 tollere.
390 632 508 721 Itaque
525 632 646 718 crevit,
667 629 832 723 quidquid
850 632 973 716 crevit,
997 644 1156 722 tanquam
1176 629 1278 710 favus.

1386 393 1387 426 l

240 489 309 574 vit,
334 502 366 554 et
387 501 521 580 paratus
544 485 608 554 fuit
634 487 854 580 quadpantem
879 488 920 555 de
946 499 1088 554 stercore
1111 485 1278 552 mordicus

241 777 347 859 Puto,
374 798 427 840 me
455 770 639 841 Hercules!
669 771 763 840 illum
792 773 961 866 reliquisse
991 770 1095 840 solida
1127 787 1281 854 centum;
1386 823 1387 846 2

136 958 143 971 ·
241 931 274 984 et
298 917 410 982 omnia
436 917 470 982 in
491 917 634 983 nummis
652 894 779 984 habuit.
809 919 858 984 De
880 941 916 982 re
942 911 1052 984 tamen
1078 941 1140 1009 ego
1167 940 1282 984 verum
1386 873 1387 956 l

242 1058 375 1144 dicam,
407 1060 466 1150 qui
493 1058 641 1151 ling-uam
675 1061 830 1127 caninam
861 1058 999 1126 comedi.
1034 1062 1135 1126 Durae
1170 1057 1283 1124 buccae

241 1203 323 1290 fuit,
345 1202 532 1295 linguosus,
545 1202 729 1290 discordia,
748 1228 815 1269 non
833 1203 944 1269 homo.
968 1205 1081 1269 Frater
1098 1203 1168 1294 ejus
1189 1199 1283 1267 fortis
1386 1229 1387 1234 ¹

242 1348 321 1431 fuit,
341 1351 467 1416 amicus
480 1351 606 1436 amico,
626 1373 729 1416 manu
748 1363 863 1434 uncta,
884 1347 981 1441 plena
1001 1373 1131 1416 mensa:
1147 1363 1181 1415 et
1198 1349 1284 1413 inter

244 1496 339 1562 initia
356 1493 480 1561 malum
495 1517 627 1588 passum
642 1493 845 1576 ambulavit3
863 1493 919 1560 sed
932 1495 1111 1562 recorrexit
1125 1507 1233 1560 costas
1248 1491 1285 1558 il·
1386 1511 1387 1562 t

245 1636 307 1704 lius
328 1639 434 1730 prima
457 1637 648 1723 vindemia·;
675 1637 826 1705 vendidit
845 1637 934 1702 enim
954 1638 1093 1720 vinum,
1120 1649 1283 1726 quantum
1386 1623 1387 1626 Ἴ

245 1783 314 1872 ipse
329 1779 455 1866 voluit:
471 1794 518 1866 et,
532 1779 623 1870 quod
635 1777 723 1846 illius
740 1793 889 1846 mentum
907 1777 1050 1862 sustulit,
1067 1776 1282 1844 hereditatem
1386 1747 1387 1822 l

244 1925 385 2015 accepit,
399 1948 438 1990 ex
454 1947 519 2014 qua
535 1921 609 2016 plus
626 1921 801 2006 involavit,
821 1946 921 2012 quam
940 1919 987 1987 illi
1002 1919 1153 1988 relictum
1172 1933 1231 1986 est.
1241 1922 1284 1985 Et

245 2065 299 2132 ille
316 2068 417 2157 stips,
438 2066 518 2132 dum
530 2065 625 2141 fratri
640 2089 700 2131 suo
716 2066 887 2148 irascitur,
907 2065 1016 2130 neseio
1034 2064 1087 2130 cui
1107 2077 1201 2130 terrae
1218 2059 1286 2128 filio
1386 2039 1387 2044 ἵ

245 2209 483 2299 patrimonium
501 2206 649 2298 elegavit.
669 2211 785 2298 Longe
804 2207 904 2298 fugit,
923 2208 1072 2332 quisquis
1090 2230 1179 2273 suos
1188 2204 1284 2296 fugit.

245 2352 371 2419 Habuit
389 2367 498 2419 autem
511 2378 549 2418 οι
550 2350 671 2419 aculai
665 2377 713 2418 ios
732 2376 842 2418 servos
854 2376 944 2442 ,qui
936 2349 1058 2416 illum
1079 2373 1210 2442 pessum
1228 2347 1285 2415 de·
1386 2341 1387 2414 ἶ

1286 2449 1302 2504 ,
1386 2441 1387 2456 t

247 2499 377 2567 derunt.
398 2501 578 2591 Nunquam
599 2515 710 2566 autem
734 2515 821 2569 recte
844 2498 960 2582 faciet,
984 2500 1041 2590 qui
1069 2499 1135 2565 cito
1162 2473 1293 2581 credit3

248 2647 363 2737 utique
372 2644 473 2713 liomo
485 2647 672 2738 negotians:
690 2663 798 2714 tamen
809 2671 941 2731 verum,
957 2645 1047 2737 quod
1062 2645 1208 2712 frunitus
1220 2610 1301 2730 est,¹

248 2794 406 2885 quamdiu
417 2797 511 2879 vixit,
523 2797 575 2862 cui
587 2795 701 2862 datum
711 2810 775 2880 est,
787 2793 876 2887 quod
887 2819 955 2860 non
968 2793 1177 2863 destinatum.
1188 2792 1292 2860 Plane*
1386 2805 1387 2810 ’

248 2946 403 3008 Fortunae
422 2940 527 3026 filius,
554 2943 588 3008 in
611 2965 712 3007 manu
732 2939 819 3008 illius
835 2940 1008 3033 plumbum
1034 2966 1152 3010 aurum
1176 2941 1285 3008 fiebat.
1386 2957 1387 2988 ³

250 3089 357 3158 Facile
374 3104 423 3158 est
439 3105 565 3174 autem,
583 3090 639 3156 ubi
657 3092 770 3157 omnia
786 3090 947 3181 quadrata
970 3106 1120 3159 currunt.
1144 3095 1187 3158 Et
1205 3065 1305 3182 quot

249 3255 346 3332 putas
363 3239 455 3307 illum
470 3213 575 3306 annos
595 3265 704 3306 secum
723 3239 856 3307 tulisse?
873 3243 1101 3332 septuaginta,
1119 3257 1152 3308 et
1166 3267 1286 3334 supra;

251 3387 307 3454 sed
320 3387 493 3456 corneolus
505 3387 583 3473 fuit,
595 3403 721 3456 aetatem
743 3389 826 3455 bene
843 3389 984 3474 serebat,
999 3391 1107 3481 niger,
1127 3404 1286 3482 tanquam

251 3562 379 3604 corvus.
406 3539 572 3605 Noveram
599 3537 768 3622 hominem
790 3537 868 3603 olim
891 3536 1094 3622 molitorem,
1123 3535 1286 3632 etjadhuc

252 3684 340 3752 salax
356 3699 439 3770 erat3
452 3710 536 3772 non,
547 3682 781 3753 meHerculesl
800 3683 892 3752 illum
904 3699 985 3776 puto
1003 3687 1037 3750 in
1054 3685 1154 3752 domo
1171 3711 1285 3753 canem

251 3833 429 3925 r.eliquisse
452 3837 558 3900 Immo
575 3835 673 3901 etiam
691 3831 868 3926 puellarius
890 3801 976 3920 erat,
992 3835 1099 3900 omnis
1128 3835 1286 3901 Minervae
1386 3829 1387 3836 ἵ

253 3982 371 4049 bomo:
388 4006 447 4047 nec
466 3982 634 4075 improbo
653 3980 716 4047 hoc
734 3981 821 4046 enim
840 3978 945 4046 solum
966 4004 1075 4047 secum
1094 3979 1179 4078 tulit.
