<?xml version="1.0" encoding="UTF-8"?>
<!DOCTYPE html PUBLIC "-//W3C//DTD XHTML 1.0 Transitional//EN"
    "http://www.w3.org/TR/xhtml1/DTD/xhtml1-transitional.dtd">
<html xmlns="http://www.w3.org/1999/xhtml" xml:lang="en" lang="en">
 <head>
  <title>
</title>
<meta http-equiv="Content-Type" content="text/html;charset=utf-8" />
  <meta name='ocr-system' content='tesseract 3.04.00' />
  <meta name='ocr-capabilities' content='ocr_page ocr_carea ocr_par ocr_line ocrx_word'/>
</head>
<body>
  <div class='ocr_page' id='page_1' title='image "./lesatyricondetp00conggoog_0143.png"; bbox 0 0 2817 4684; ppageno 0'>
   <div class='ocr_carea' id='block_1_1' title="bbox 266 386 1031 451">
    <p class='ocr_par' dir='ltr' id='par_1_1' title="bbox 266 386 1031 451">
     <span class='ocr_line' id='line_1_1' title="bbox 266 386 1031 451; baseline 0.007 -7"><span class='ocrx_word' id='word_1_1' title='bbox 266 389 325 446; x_wconf 79' lang='lat'>130</span> <span class='ocrx_word' id='word_1_2' title='bbox 544 395 581 450; x_wconf 84' lang='grc' dir='ltr'>Τ.</span> <span class='ocrx_word' id='word_1_3' title='bbox 599 394 784 451; x_wconf 83' lang='lat' dir='ltr'><strong>PETRONII</strong></span> <span class='ocrx_word' id='word_1_4' title='bbox 804 386 1031 451; x_wconf 72' lang='lat' dir='ltr'>sartaleort.</span> 
     </span>
    </p>
   </div>
   <div class='ocr_carea' id='block_1_2' title="bbox 269 513 1391 2344">
    <p class='ocr_par' dir='ltr' id='par_1_2' title="bbox 269 513 1391 2344">
     <span class='ocr_line' id='line_1_2' title="bbox 269 513 1314 614; baseline 0.005 -35"><span class='ocrx_word' id='word_1_5' title='bbox 269 513 380 603; x_wconf 83' lang='lat' dir='ltr'>gidam</span> <span class='ocrx_word' id='word_1_6' title='bbox 403 521 538 588; x_wconf 55' lang='lat' dir='ltr'>eximus</span> <span class='ocrx_word' id='word_1_7' title='bbox 557 522 631 588; x_wconf 86' lang='lat' dir='ltr'>Jam</span> <span class='ocrx_word' id='word_1_8' title='bbox 649 520 851 589; x_wconf 81' lang='lat' dir='ltr'>Trimalchio</span> <span class='ocrx_word' id='word_1_9' title='bbox 872 535 1044 614; x_wconf 81' lang='lat' dir='ltr'>unguento</span> <span class='ocrx_word' id='word_1_10' title='bbox 1071 518 1222 612; x_wconf 83' lang='lat' dir='ltr'>perfusus</span> <span class='ocrx_word' id='word_1_11' title='bbox 1242 532 1314 584; x_wconf 84' lang='lat' dir='ltr'>ter·</span> 
     </span>
     <span class='ocr_line' id='line_1_3' title="bbox 269 661 1314 758; baseline -0.001 -29"><span class='ocrx_word' id='word_1_12' title='bbox 269 663 418 753; x_wconf 85' lang='lat' dir='ltr'>gebatur,</span> <span class='ocrx_word' id='word_1_13' title='bbox 432 687 500 730; x_wconf 90' lang='lat' dir='ltr'>non</span> <span class='ocrx_word' id='word_1_14' title='bbox 515 662 640 750; x_wconf 81' lang='lat' dir='ltr'>linteis,</span> <span class='ocrx_word' id='word_1_15' title='bbox 651 663 708 732; x_wconf 88' lang='lat' dir='ltr'>sed</span> <span class='ocrx_word' id='word_1_16' title='bbox 723 663 847 758; x_wconf 91' lang='lat' dir='ltr'>palliis,</span> <span class='ocrx_word' id='word_1_17' title='bbox 861 689 901 732; x_wconf 83' lang='lat' dir='ltr'>ex</span> <span class='ocrx_word' id='word_1_18' title='bbox 915 662 1106 732; x_wconf 89' lang='lat' dir='ltr'>mollissima</span> <span class='ocrx_word' id='word_1_19' title='bbox 1117 661 1193 730; x_wconf 88' lang='lat' dir='ltr'>lana</span> <span class='ocrx_word' id='word_1_20' title='bbox 1203 661 1314 730; x_wconf 86' lang='lat' dir='ltr'>factis.</span> 
     </span>
     <span class='ocr_line' id='line_1_4' title="bbox 270 806 1391 903; baseline 0.001 -30"><span class='ocrx_word' id='word_1_21' title='bbox 270 809 351 874; x_wconf 89' lang='lat' dir='ltr'>Tres</span> <span class='ocrx_word' id='word_1_22' title='bbox 368 808 500 874; x_wconf 78' lang='lat' dir='ltr'>interim</span> <span class='ocrx_word' id='word_1_23' title='bbox 519 806 693 902; x_wconf 74' lang='lat' dir='ltr'>iatraliptae</span> <span class='ocrx_word' id='word_1_24' title='bbox 710 811 746 876; x_wconf 91' lang='lat' dir='ltr'>iu</span> <span class='ocrx_word' id='word_1_25' title='bbox 763 823 943 903; x_wconf 90' lang='lat' dir='ltr'>conspectu</span> <span class='ocrx_word' id='word_1_26' title='bbox 963 809 1033 900; x_wconf 90' lang='lat' dir='ltr'>ejus</span> <span class='ocrx_word' id='word_1_27' title='bbox 1051 806 1229 877; x_wconf 85' lang='lat' dir='ltr'><strong>Falernum</strong></span> <span class='ocrx_word' id='word_1_28' title='bbox 1251 833 1315 900; x_wconf 90' lang='lat' dir='ltr'>po·</span> <span class='ocrx_word' id='word_1_29' title='bbox 1390 857 1391 900; x_wconf 81' lang='lat'>,</span> 
     </span>
     <span class='ocr_line' id='line_1_5' title="bbox 271 948 1391 1044; baseline 0.002 -29"><span class='ocrx_word' id='word_1_30' title='bbox 271 949 413 1016; x_wconf 90' lang='lat' dir='ltr'>tabant:</span> <span class='ocrx_word' id='word_1_31' title='bbox 438 964 470 1016; x_wconf 92' lang='lat' dir='ltr'>et</span> <span class='ocrx_word' id='word_1_32' title='bbox 489 975 593 1042; x_wconf 94' lang='lat' dir='ltr'>quum</span> <span class='ocrx_word' id='word_1_33' title='bbox 613 948 794 1044; x_wconf 89' lang='lat' dir='ltr'>plurimum</span> <span class='ocrx_word' id='word_1_34' title='bbox 821 951 964 1020; x_wconf 83' lang='lat' dir='ltr'>rixantes</span> <span class='ocrx_word' id='word_1_35' title='bbox 988 949 1216 1037; x_wconf 82' lang='lat' dir='ltr'>effunderent,</span> <span class='ocrx_word' id='word_1_36' title='bbox 1236 951 1317 1018; x_wconf 92' lang='lat' dir='ltr'>Tri·</span> <span class='ocrx_word' id='word_1_37' title='bbox 1390 957 1391 962; x_wconf 74' lang='grc'>’</span> 
     </span>
     <span class='ocr_line' id='line_1_6' title="bbox 270 1090 1317 1188; baseline -0.001 -27"><span class='ocrx_word' id='word_1_38' title='bbox 270 1091 430 1180; x_wconf 81' lang='lat' dir='ltr'>malchio,</span> <span class='ocrx_word' id='word_1_39' title='bbox 443 1090 506 1162; x_wconf 90' lang='lat' dir='ltr'>hoc</span> <span class='ocrx_word' id='word_1_40' title='bbox 520 1119 617 1162; x_wconf 88' lang='lat' dir='ltr'>suum</span> <span class='ocrx_word' id='word_1_41' title='bbox 634 1097 844 1188; x_wconf 87' lang='lat' dir='ltr'>propinasse,</span> <span class='ocrx_word' id='word_1_42' title='bbox 863 1094 1004 1164; x_wconf 89' lang='lat' dir='ltr'>dicebat.</span> <span class='ocrx_word' id='word_1_43' title='bbox 1020 1097 1123 1180; x_wconf 90' lang='lat' dir='ltr'>Hinc,</span> <span class='ocrx_word' id='word_1_44' title='bbox 1140 1092 1317 1162; x_wconf 90' lang='lat' dir='ltr'>involutus</span> 
     </span>
     <span class='ocr_line' id='line_1_7' title="bbox 270 1193 1391 1342; baseline -0.004 -32"><span class='ocrx_word' id='word_1_45' title='bbox 270 1241 406 1310; x_wconf 88' lang='lat' dir='ltr'>coccina</span> <span class='ocrx_word' id='word_1_46' title='bbox 426 1263 587 1332; x_wconf 84' lang='lat' dir='ltr'>gausapa,</span> <span class='ocrx_word' id='word_1_47' title='bbox 607 1238 730 1308; x_wconf 68' lang='lat' dir='ltr'>lecticae</span> <span class='ocrx_word' id='word_1_48' title='bbox 757 1229 934 1342; x_wconf 76' lang='lat' dir='ltr'>impositus¹</span> <span class='ocrx_word' id='word_1_49' title='bbox 953 1255 1022 1325; x_wconf 84' lang='lat' dir='ltr'>est,</span> <span class='ocrx_word' id='word_1_50' title='bbox 1048 1239 1316 1333; x_wconf 68' lang='lat' dir='ltr'>praecedentibus</span> <span class='ocrx_word' id='word_1_51' title='bbox 1390 1193 1391 1244; x_wconf 43' lang='lat' dir='ltr'>i</span> 
     </span>
     <span class='ocr_line' id='line_1_8' title="bbox 272 1345 1391 1479; baseline 0.002 -29"><span class='ocrx_word' id='word_1_52' title='bbox 272 1345 449 1476; x_wconf 82' lang='lat' dir='ltr'>phaleratis</span> <span class='ocrx_word' id='word_1_53' title='bbox 463 1386 653 1452; x_wconf 86' lang='lat' dir='ltr'>cursoribus</span> <span class='ocrx_word' id='word_1_54' title='bbox 667 1400 822 1479; x_wconf 88' lang='lat' dir='ltr'>quatuor,</span> <span class='ocrx_word' id='word_1_55' title='bbox 838 1400 871 1452; x_wconf 91' lang='lat' dir='ltr'>et</span> <span class='ocrx_word' id='word_1_56' title='bbox 887 1385 1105 1469; x_wconf 84' lang='lat' dir='ltr'>chiramaxio,</span> <span class='ocrx_word' id='word_1_57' title='bbox 1122 1386 1157 1452; x_wconf 93' lang='lat' dir='ltr'>in</span> <span class='ocrx_word' id='word_1_58' title='bbox 1175 1410 1245 1476; x_wconf 92' lang='lat' dir='ltr'>quo</span> <span class='ocrx_word' id='word_1_59' title='bbox 1258 1383 1318 1452; x_wconf 89' lang='lat' dir='ltr'>de·</span> <span class='ocrx_word' id='word_1_60' title='bbox 1390 1461 1391 1464; x_wconf 8' lang='grc' dir='ltr'><strong>Ἴ</strong></span> 
     </span>
     <span class='ocr_line' id='line_1_9' title="bbox 273 1526 1319 1622; baseline -0.002 -27"><span class='ocrx_word' id='word_1_61' title='bbox 273 1526 355 1595; x_wconf 81' lang='lat' dir='ltr'>liciae</span> <span class='ocrx_word' id='word_1_62' title='bbox 381 1529 450 1619; x_wconf 85' lang='lat' dir='ltr'>ejus</span> <span class='ocrx_word' id='word_1_63' title='bbox 477 1527 699 1606; x_wconf 81' lang='lat' dir='ltr'>vehebantur,</span> <span class='ocrx_word' id='word_1_64' title='bbox 727 1552 810 1622; x_wconf 90' lang='lat' dir='ltr'>puer</span> <span class='ocrx_word' id='word_1_65' title='bbox 835 1527 981 1610; x_wconf 89' lang='lat' dir='ltr'>vetulus,</span> <span class='ocrx_word' id='word_1_66' title='bbox 1014 1527 1144 1622; x_wconf 90' lang='lat' dir='ltr'>lippus,</span> <span class='ocrx_word' id='word_1_67' title='bbox 1174 1527 1319 1595; x_wconf 89' lang='lat' dir='ltr'>domino</span> 
     </span>
     <span class='ocr_line' id='line_1_10' title="bbox 271 1635 1320 1764; baseline -0.001 -25"><span class='ocrx_word' id='word_1_68' title='bbox 271 1635 516 1754; x_wconf 79' lang='lat' dir='ltr'>Trimalchione</span> <span class='ocrx_word' id='word_1_69' title='bbox 524 1671 714 1740; x_wconf 87' lang='lat' dir='ltr'>deformior.</span> <span class='ocrx_word' id='word_1_70' title='bbox 727 1672 842 1760; x_wconf 89' lang='lat' dir='ltr'>Quum</span> <span class='ocrx_word' id='word_1_71' title='bbox 855 1695 934 1764; x_wconf 86' lang='lat' dir='ltr'>ergo</span> <span class='ocrx_word' id='word_1_72' title='bbox 947 1657 1143 1758; x_wconf 81' lang='lat' dir='ltr'>auferretur,</span> <span class='ocrx_word' id='word_1_73' title='bbox 1155 1671 1199 1739; x_wconf 90' lang='lat' dir='ltr'>ad</span> <span class='ocrx_word' id='word_1_74' title='bbox 1212 1686 1320 1764; x_wconf 87' lang='lat' dir='ltr'>caput</span> 
     </span>
     <span class='ocr_line' id='line_1_11' title="bbox 272 1816 1318 1910; baseline 0 -26"><span class='ocrx_word' id='word_1_75' title='bbox 272 1817 344 1908; x_wconf 86' lang='lat' dir='ltr'>ejus</span> <span class='ocrx_word' id='word_1_76' title='bbox 361 1841 438 1884; x_wconf 90' lang='lat' dir='ltr'>cum</span> <span class='ocrx_word' id='word_1_77' title='bbox 462 1816 608 1884; x_wconf 87' lang='lat' dir='ltr'>minimis</span> <span class='ocrx_word' id='word_1_78' title='bbox 628 1817 885 1910; x_wconf 82' lang='lat' dir='ltr'>symphoniacus</span> <span class='ocrx_word' id='word_1_79' title='bbox 896 1817 985 1885; x_wconf 91' lang='lat' dir='ltr'>tibiis</span> <span class='ocrx_word' id='word_1_80' title='bbox 1005 1818 1157 1903; x_wconf 86' lang='lat' dir='ltr'>accessit,</span> <span class='ocrx_word' id='word_1_81' title='bbox 1177 1831 1212 1884; x_wconf 88' lang='lat' dir='ltr'>et</span> <span class='ocrx_word' id='word_1_82' title='bbox 1239 1831 1318 1884; x_wconf 83' lang='lat' dir='ltr'>tan-</span> 
     </span>
     <span class='ocr_line' id='line_1_12' title="bbox 275 1959 1391 2060; baseline 0 -32"><span class='ocrx_word' id='word_1_83' title='bbox 275 1984 375 2053; x_wconf 91' lang='lat' dir='ltr'>quam</span> <span class='ocrx_word' id='word_1_84' title='bbox 393 1962 428 2027; x_wconf 94' lang='lat' dir='ltr'>in</span> <span class='ocrx_word' id='word_1_85' title='bbox 446 1985 560 2028; x_wconf 90' lang='lat' dir='ltr'>aurem</span> <span class='ocrx_word' id='word_1_86' title='bbox 579 1959 706 2053; x_wconf 89' lang='lat' dir='ltr'>aliquid</span> <span class='ocrx_word' id='word_1_87' title='bbox 723 1975 848 2028; x_wconf 86' lang='lat' dir='ltr'>secreto</span> <span class='ocrx_word' id='word_1_88' title='bbox 862 1960 1005 2048; x_wconf 88' lang='lat' dir='ltr'>diceret,</span> <span class='ocrx_word' id='word_1_89' title='bbox 1024 1977 1093 2029; x_wconf 93' lang='lat' dir='ltr'>toto</span> <span class='ocrx_word' id='word_1_90' title='bbox 1108 1963 1227 2029; x_wconf 92' lang='lat' dir='ltr'>itinere</span> <span class='ocrx_word' id='word_1_91' title='bbox 1237 1986 1321 2028; x_wconf 88' lang='lat' dir='ltr'>can·</span> <span class='ocrx_word' id='word_1_92' title='bbox 1390 2055 1391 2060; x_wconf 8' lang='grc' dir='ltr'>γ</span> 
     </span>
     <span class='ocr_line' id='line_1_13' title="bbox 275 2079 1320 2194; baseline 0.004 -25"><span class='ocrx_word' id='word_1_93' title='bbox 275 2103 368 2170; x_wconf 89' lang='lat' dir='ltr'>tavit.</span> <span class='ocrx_word' id='word_1_94' title='bbox 395 2103 572 2194; x_wconf 89' lang='lat' dir='ltr'>Sequimur</span> <span class='ocrx_word' id='word_1_95' title='bbox 592 2129 653 2171; x_wconf 91' lang='lat' dir='ltr'>nos</span> <span class='ocrx_word' id='word_1_96' title='bbox 678 2091 747 2194; x_wconf 68' lang='lat' dir='ltr'>jam</span> <span class='ocrx_word' id='word_1_97' title='bbox 776 2079 996 2174; x_wconf 82' lang='lat' dir='ltr'>admiratione</span> <span class='ocrx_word' id='word_1_98' title='bbox 1023 2107 1142 2191; x_wconf 88' lang='lat' dir='ltr'>saturi,</span> <span class='ocrx_word' id='word_1_99' title='bbox 1172 2119 1206 2173; x_wconf 89' lang='lat' dir='ltr'>et</span> <span class='ocrx_word' id='word_1_100' title='bbox 1238 2117 1320 2173; x_wconf 85' lang='lat' dir='ltr'>curn</span> 
     </span>
     <span class='ocr_line' id='line_1_14' title="bbox 275 2246 1322 2344; baseline 0.003 -28"><span class='ocrx_word' id='word_1_101' title='bbox 275 2249 524 2339; x_wconf 80' lang='lat' dir='ltr'>Agamemnone</span> <span class='ocrx_word' id='word_1_102' title='bbox 549 2246 593 2314; x_wconf 90' lang='lat' dir='ltr'>ad</span> <span class='ocrx_word' id='word_1_103' title='bbox 616 2247 754 2338; x_wconf 87' lang='lat' dir='ltr'>januam</span> <span class='ocrx_word' id='word_1_104' title='bbox 785 2251 1016 2342; x_wconf 87' lang='lat' dir='ltr'>pervenimus,</span> <span class='ocrx_word' id='word_1_105' title='bbox 1047 2252 1081 2317; x_wconf 94' lang='lat' dir='ltr'>in</span> <span class='ocrx_word' id='word_1_106' title='bbox 1107 2252 1202 2344; x_wconf 90' lang='lat' dir='ltr'>cujus</span> <span class='ocrx_word' id='word_1_107' title='bbox 1222 2266 1322 2344; x_wconf 88' lang='lat' dir='ltr'>poste</span> 
     </span>
    </p>
   </div>
   <div class='ocr_carea' id='block_1_3' title="bbox 275 2389 1048 2486">
    <p class='ocr_par' dir='ltr' id='par_1_3' title="bbox 275 2327 1391 2602">
     <span class='ocr_line' id='line_1_15' title="bbox 275 2389 1048 2486; baseline 0.006 -29"><span class='ocrx_word' id='word_1_108' title='bbox 275 2389 404 2458; x_wconf 86' lang='lat' dir='ltr'>libellus</span> <span class='ocrx_word' id='word_1_109' title='bbox 420 2405 506 2476; x_wconf 90' lang='lat' dir='ltr'>erat,</span> <span class='ocrx_word' id='word_1_110' title='bbox 527 2411 603 2458; x_wconf 83' lang='lat' dir='ltr'>curn</span> <span class='ocrx_word' id='word_1_111' title='bbox 624 2390 687 2460; x_wconf 87' lang='lat' dir='ltr'>hac</span> <span class='ocrx_word' id='word_1_112' title='bbox 704 2393 920 2486; x_wconf 91' lang='lat' dir='ltr'>inscriptione</span> <span class='ocrx_word' id='word_1_113' title='bbox 938 2393 1048 2463; x_wconf 82' lang='lat' dir='ltr'>tirus:</span> 
     </span>
    </p>
   </div>
   <div class='ocr_carea' id='block_1_4' title="bbox 620 2803 955 2864">
    <p class='ocr_par' dir='ltr' id='par_1_4' title="bbox 620 2803 955 2864">
     <span class='ocr_line' id='line_1_16' title="bbox 620 2803 955 2864; baseline 0.003 -16"><span class='ocrx_word' id='word_1_114' title='bbox 620 2803 791 2864; x_wconf 80' lang='lat' dir='ltr'>oursours.</span> <span class='ocrx_word' id='word_1_115' title='bbox 818 2806 955 2854; x_wconf 76' lang='lat' dir='ltr'>suavus.</span> 
     </span>
    </p>
   </div>
   <div class='ocr_carea' id='block_1_5' title="bbox 536 3061 1064 3144">
    <p class='ocr_par' dir='ltr' id='par_1_5' title="bbox 536 3061 1064 3144">
     <span class='ocr_line' id='line_1_17' title="bbox 536 3061 1064 3144; baseline 0.011 -8"><span class='ocrx_word' id='word_1_116' title='bbox 536 3061 705 3139; x_wconf 77' lang='lat' dir='ltr'>accrrmr.</span> <span class='ocrx_word' id='word_1_117' title='bbox 734 3095 878 3141; x_wconf 73' lang='lat' dir='ltr'>reicis.</span> <span class='ocrx_word' id='word_1_118' title='bbox 906 3093 1064 3144; x_wconf 77' lang='lat' dir='ltr'>carrum.</span> 
     </span>
    </p>
   </div>
   <div class='ocr_carea' id='block_1_6' title="bbox 413 2689 1391 3028">
    <p class='ocr_par' dir='ltr' id='par_1_6' title="bbox 413 2689 1391 3028">
     <span class='ocr_line' id='line_1_18' title="bbox 1390 2689 1391 2716; baseline 0 0"><span class='ocrx_word' id='word_1_119' title='bbox 1390 2689 1391 2716; x_wconf 81' lang='lat' dir='ltr'>t</span> 
     </span>
     <span class='ocr_line' id='line_1_19' title="bbox 413 2947 1391 3028; baseline 0.009 -36"><span class='ocrx_word' id='word_1_120' title='bbox 413 2947 501 2992; x_wconf 74' lang='lat' dir='ltr'>stne.</span> <span class='ocrx_word' id='word_1_121' title='bbox 531 2947 721 2994; x_wconf 64' lang='lat' dir='ltr'>murnaco.</span> <span class='ocrx_word' id='word_1_122' title='bbox 744 2949 856 2996; x_wconf 68' lang='lat' dir='ltr'>iussu.</span> <span class='ocrx_word' id='word_1_123' title='bbox 884 2952 1004 2998; x_wconf 74' lang='lat' dir='ltr'>rottae.</span> <span class='ocrx_word' id='word_1_124' title='bbox 1031 2953 1183 2998; x_wconf 75' lang='lat' dir='ltr'>Exmtt‘r.</span> <span class='ocrx_word' id='word_1_125' title='bbox 1390 2949 1391 3028; x_wconf 68' lang='lat' dir='ltr'>l</span> 
     </span>
    </p>
   </div>
   <div class='ocr_carea' id='block_1_7' title="bbox 284 3435 1391 3838">
    <p class='ocr_par' dir='ltr' id='par_1_7' title="bbox 284 3435 1391 3838">
     <span class='ocr_line' id='line_1_20' title="bbox 329 3435 1391 3540; baseline 0.008 -30"><span class='ocrx_word' id='word_1_126' title='bbox 329 3446 370 3511; x_wconf 92' lang='lat' dir='ltr'>In</span> <span class='ocrx_word' id='word_1_127' title='bbox 389 3441 482 3509; x_wconf 88' lang='lat' dir='ltr'>aditu</span> <span class='ocrx_word' id='word_1_128' title='bbox 501 3455 611 3508; x_wconf 90' lang='lat' dir='ltr'>autem</span> <span class='ocrx_word' id='word_1_129' title='bbox 626 3441 699 3532; x_wconf 92' lang='lat' dir='ltr'>ipso</span> <span class='ocrx_word' id='word_1_130' title='bbox 720 3443 828 3512; x_wconf 86' lang='lat' dir='ltr'>stabat</span> <span class='ocrx_word' id='word_1_131' title='bbox 843 3446 995 3514; x_wconf 88' lang='lat' dir='ltr'>ostiarius</span> <span class='ocrx_word' id='word_1_132' title='bbox 1011 3449 1215 3540; x_wconf 89' lang='lat' dir='ltr'>prasinatus,</span> <span class='ocrx_word' id='word_1_133' title='bbox 1236 3473 1326 3516; x_wconf 91' lang='lat' dir='ltr'>cera·</span> <span class='ocrx_word' id='word_1_134' title='bbox 1390 3435 1391 3442; x_wconf 8' lang='grc' dir='ltr'>ἵ</span> 
     </span>
     <span class='ocr_line' id='line_1_21' title="bbox 284 3583 1324 3686; baseline 0.004 -31"><span class='ocrx_word' id='word_1_135' title='bbox 284 3589 357 3656; x_wconf 85' lang='lat' dir='ltr'>sino</span> <span class='ocrx_word' id='word_1_136' title='bbox 374 3586 561 3654; x_wconf 85' lang='lat' dir='ltr'>succinctus</span> <span class='ocrx_word' id='word_1_137' title='bbox 578 3583 732 3677; x_wconf 81' lang='lat' dir='ltr'>cingulo,</span> <span class='ocrx_word' id='word_1_138' title='bbox 753 3601 853 3679; x_wconf 91' lang='lat' dir='ltr'>atque</span> <span class='ocrx_word' id='word_1_139' title='bbox 875 3588 910 3656; x_wconf 92' lang='lat' dir='ltr'>in</span> <span class='ocrx_word' id='word_1_140' title='bbox 930 3587 1024 3658; x_wconf 88' lang='lat' dir='ltr'>lance</span> <span class='ocrx_word' id='word_1_141' title='bbox 1041 3607 1197 3684; x_wconf 86' lang='lat' dir='ltr'>argentea</span> <span class='ocrx_word' id='word_1_142' title='bbox 1210 3594 1324 3686; x_wconf 91' lang='lat' dir='ltr'>pisum</span> 
     </span>
     <span class='ocr_line' id='line_1_22' title="bbox 284 3729 1391 3838; baseline 0.007 -37"><span class='ocrx_word' id='word_1_143' title='bbox 284 3732 457 3827; x_wconf 83' lang='lat' dir='ltr'>purgabat.</span> <span class='ocrx_word' id='word_1_144' title='bbox 475 3735 582 3824; x_wconf 92' lang='lat' dir='ltr'>Super</span> <span class='ocrx_word' id='word_1_145' title='bbox 598 3729 698 3798; x_wconf 91' lang='lat' dir='ltr'>limen</span> <span class='ocrx_word' id='word_1_146' title='bbox 715 3745 825 3800; x_wconf 90' lang='lat' dir='ltr'>autem</span> <span class='ocrx_word' id='word_1_147' title='bbox 845 3755 943 3802; x_wconf 86' lang='lat' dir='ltr'>cavea</span> <span class='ocrx_word' id='word_1_148' title='bbox 965 3735 1131 3829; x_wconf 90' lang='lat' dir='ltr'>pendebat</span> <span class='ocrx_word' id='word_1_149' title='bbox 1148 3761 1264 3828; x_wconf 90' lang='lat' dir='ltr'>aurea,</span> <span class='ocrx_word' id='word_1_150' title='bbox 1285 3743 1322 3808; x_wconf 92' lang='lat' dir='ltr'>in</span> <span class='ocrx_word' id='word_1_151' title='bbox 1390 3825 1391 3838; x_wconf 40' lang='lat'>,</span> 
     </span>
    </p>
   </div>
   <div class='ocr_carea' id='block_1_8' title="bbox 286 3875 923 3972">
    <p class='ocr_par' dir='ltr' id='par_1_8' title="bbox 286 3855 1391 3972">
     <span class='ocr_line' id='line_1_23' title="bbox 286 3875 923 3972; baseline 0.004 -26"><span class='ocrx_word' id='word_1_152' title='bbox 286 3904 351 3971; x_wconf 91' lang='lat' dir='ltr'>qua</span> <span class='ocrx_word' id='word_1_153' title='bbox 368 3880 443 3972; x_wconf 91' lang='lat' dir='ltr'>pica</span> <span class='ocrx_word' id='word_1_154' title='bbox 462 3878 554 3944; x_wconf 87' lang='lat' dir='ltr'>varia</span> <span class='ocrx_word' id='word_1_155' title='bbox 570 3877 733 3944; x_wconf 86' lang='lat' dir='ltr'>intrantes</span> <span class='ocrx_word' id='word_1_156' title='bbox 751 3875 923 3947; x_wconf 83' lang='lat' dir='ltr'>salutabat.</span> 
     </span>
    </p>
   </div>
   <div class='ocr_carea' id='block_1_9' title="bbox 0 0 1422 4684">
    <p class='ocr_par' dir='ltr' id='par_1_9' title="bbox 0 0 1422 4684">
     <span class='ocr_line' id='line_1_24' title="bbox 0 0 1422 4684; baseline 0 0"><span class='ocrx_word' id='word_1_157' title='bbox 0 0 1422 4684; x_wconf 95' lang='lat' dir='ltr'> </span> 
     </span>
    </p>
   </div>
  </div>
 </body>
</html>
