2817 4684
260 347 297 401 se
531 349 568 404 r.
590 327 772 406 rainonn
792 351 1021 407 sxrxmcou.

260 477 360 542 immo
370 475 439 567 jam
454 501 542 563 serp,
556 477 717 566 intellexi,
732 505 785 547 me
798 481 833 546 in
846 479 1007 547 fornioem
1019 502 1089 546 esse
1102 475 1312 544 deductum:
1395 508 1396 513 κ

259 635 443 689 exsecratus
461 622 573 714 itaque
583 622 727 702 ‚aniculae
746 624 904 710 insidias,
923 625 1038 716 operui
1053 636 1175 714 caput,
1192 635 1227 688 et
1243 644 1314 712 per

258 763 404 832 medium
434 764 575 857 lupanar
592 765 706 859 fugere
720 770 805 861 eoepi
835 771 870 834 in
897 765 996 836 aliam
1022 780 1149 859 partem
1170 788 1311 856 :quum

258 929 332 973 eece
349 907 383 972 in
406 907 477 999 ipso
497 905 590 974 aditu
608 910 756 976 occurrit
773 908 855 976 mihi
867 933 960 1001 aeque
972 872 1076 976 lassus
1099 932 1138 976 ac
1154 907 1311 975 moriens

258 1049 427 1142 Ascyltos3
445 1066 578 1144 putares
596 1052 638 1120 ab
656 1053 771 1120 eadem
792 1051 924 1120 anicula
939 1078 1008 1120 esse
1022 1051 1213 1120 deductum.
1235 1054 1311 1117 Ita-

257 1218 321 1284 que
340 1209 377 1261 ut
395 1193 505 1262 ridens
536 1220 611 1263 eum
635 1195 860 1286 consalutari,
891 1195 973 1287 quid
993 1197 1026 1262 in
1051 1171 1125 1264 loco
1150 1210 1218 1262 tarn
1241 1193 1309 1260 de-

256 1335 353 1403 formi
372 1337 516 1405 laceret?
533 1340 679 1431 quaesivi.

620 1923 791 1989 CAPUT
825 1909 935 1988 VIII.

300 2135 462 2203 Sudorem
480 2124 536 2202 ille
550 2137 704 2204 manibus
719 2137 871 2222 detersit,
885 2134 1033 2202 etz-Si
1052 2134 1162 2219 scires,
1175 2133 1303 2237 inquit,
1395 2146 1396 2149 ’

251 2303 324 2370 quae
353 2278 435 2345 mihi
461 2276 663 2346 aeciderunt.
703 2317 745 2333 -·
782 2277 874 2366 Quid
902 2275 1011 2344 novi?
1046 2278 1183 2368 inquam
1221 2300 1300 2366 ego.

250 2423 349 2492 -At
368 2420 423 2488 ille
438 2421 593 2489 deficiens
611 2447 619 2488 :
638 2421 753 2508 Quum
779 2445 940 2507 errarem,
961 2421 1089 2512 inquit,
1108 2443 1168 2513 per
1192 2431 1302 2486 totam

249 2567 433 2652 civitatem,
455 2590 516 2634 nec
542 2567 744 2653 invenirem,
770 2592 838 2659 quo
867 2565 941 2633 loco
967 2564 1134 2634 stabulum
1160 2563 1299 2656 reliquis

249 2733 335 2797 sem,
355 2711 491 2778 accessit
508 2708 551 2776 ad
570 2734 622 2777 me
645 2709 898 2804 paterfamilias,
916 2724 950 2776 et
973 2707 1091 2776 ducem
1111 2733 1145 2775 se
1166 2709 1298 2775 itineris

247 2855 484 2923 humanissime
513 2853 674 2948 promisit.
702 2857 766 2922 Per
790 2852 959 2921 anfractus
984 2852 1104 2920 deinde
1127 2851 1295 2920 obscuris·

248 2999 346 3066 simos
365 3021 532 3090 egressus,
553 2999 589 3064 in
606 2997 698 3065 hune
715 2996 825 3064 locum
841 3022 895 3063 me
908 2995 1077 3090 perduxit,
1095 2994 1295 3090 prolatoque

247 3141 377 3236 peculio
396 3144 496 3236 eoepit
516 3165 634 3234 rogare
651 3156 814 3233 stuprum.
842 3144 916 3208 Jarn
935 3166 997 3234 pro
1024 3139 1106 3208 cella
1137 3141 1295 3208 meretrix

246 3311 351 3354 assem
367 3301 536 3378 exegerat,
553 3287 623 3378 jam
639 3284 694 3352 ille
712 3285 795 3352 mihi
813 3285 970 3376 injecerat
981 3309 1137 3372 manum,
1153 3298 1209 3371 et,
1228 3285 1294 3359 nisi

246 3430 409 3500 valentior
440 3431 594 3517 fuissem,
621 3455 736 3524 poenas
766 3429 937 3499 dedissem.
965 3472 1009 3486 -
1032 3426 1147 3524 [Dum
1170 3443 1294 3496 sortem

246 3600 339 3643 suam
355 3576 438 3644 mihi
453 3589 568 3642 narrat
582 3573 750 3668 Ascyltos,
768 3576 838 3668 ipse
851 3572 1103 3668 paterfamilias,
1116 3573 1295 3665 ¹comitatus

244 3721 381 3790 muliere
391 3722 481 3793 haud
495 3721 637 3809 inculta,
649 3724 859 3816 supervenit,
872 3737 921 3807 et,
937 3721 1115 3814 respiciens
1129 3718 1172 3786 ad
1180 3717 1296 3811 Ascyl-

245 3882 321 3955 ton,
340 3869 471 3959 rogavit
494 3882 532 3936 ut
555 3866 692 3936 domum
713 3868 867 3953 intraret,
894 3867 1069 3933 certiorem
1094 3863 1218 3931 faciens
1245 3863 1294 3930 nil

245 4009 450 4099 timendum,
468 4011 540 4097 sed,
561 4036 665 4103 quum
684 4012 814 4103 patiens
830 4033 901 4077 esse
917 4009 1036 4097 nollet,
1054 4009 1168 4078 saltem
1191 4031 1296 4098 agens
