2817 4684
139 1575 144 1580 -
252 1528 381 1600 facilius
403 1531 437 1598 iu
457 1530 554 1598 turba
574 1530 656 1624 quid
674 1527 778 1602 furari
800 1555 969 1626 possemus
997 1532 1134 1600 curiosis
1158 1533 1295 1599 investi-

253 413 291 466 90
530 394 564 448 Τ.
585 393 767 452 Pmoun
788 395 1010 452 SATYRICON.

252 517 442 603 consilium,
463 534 496 586 et
514 518 558 587 ad
575 543 696 612 pagum
714 520 945 613 progredimur
968 519 1169 614 prediorum
1193 547 1302 589 amoe-
1392 595 1393 618 ,

252 665 355 731 nitate
373 662 663 750 formosissimum,
685 663 743 732 ubi
757 689 825 732 non
847 666 943 757 pauci
956 689 995 732 ex
1014 666 1135 732 nostris
1154 664 1302 733 familia-

250 807 342 874 ribus
359 805 528 899 voluptate
547 809 742 902 tempestiva
761 805 983 876 fruebantur:
1005 807 1061 876 sed
1078 810 1134 874 vix
1158 807 1202 876 ad
1226 834 1301 876 me-

252 951 345 1020 dium
356 952 482 1020 itineris
491 953 712 1045 pervenimus,
723 953 939 1022 eccenimbus
949 919 1109 1022 urceatim
1118 952 1298 1020 detumens

251 1095 287 1160 in
311 1095 422 1164 vicum
445 1097 634 1187 proximum
656 1095 770 1187 sugere
795 1121 856 1164 nos
874 1098 998 1189 coegit,
1022 1111 1055 1164 et
1072 1095 1297 1180 diversorium

251 1240 410 1332 ingressi,
430 1243 617 1308 notavimus
639 1267 673 1310 se
693 1239 819 1337 plures,
836 1241 950 1309 imbris
967 1241 1094 1310 vitandi
1116 1267 1235 1326 causa,
1255 1269 1296 1310 eo

253 1386 422 1478 recepisse.
447 1385 652 1479 Impediebat
680 1385 867 1480 frequentia
889 1412 932 1454 ne
957 1387 1219 1472 observaremur,
1248 1388 1298 1454 sic

251 1675 410 1766 gabamus
424 1671 546 1761 oculis,
558 1699 661 1768 quum
670 1673 820 1768 Ascyltos
837 1674 931 1742 humi
950 1673 1141 1762 saccellum,
1157 1676 1295 1742 nemine

250 1818 463 1907 advertente,
483 1817 637 1910 collegit,
656 1821 691 1886 iu
714 1844 780 1911 quo
794 1817 916 1888 multos
928 1820 1056 1887 invenit
1071 1844 1201 1887 aureos.
1218 1823 1293 1886 Hoc

249 1965 359 2057 primo
376 1962 550 2055 faustoque
566 1965 678 2031 omine
697 1960 878 2056 plurimum
898 1962 1119 2050 exsultamus,
1137 1963 1292 2032 timentes

250 2121 376 2191 tamen,
395 2131 437 2174 ne
456 2108 530 2199 quis
558 2105 631 2174 illos
653 2120 832 2199 repeteret,
858 2131 917 2198 per
941 2106 1177 2200 pseudotyrum
1204 2104 1290 2174 clam

249 2255 449 2348 egredimur,
476 2256 588 2347 ibique
610 2280 741 2323 servum
759 2255 923 2350 ephippiis
942 2279 1043 2348 equos
1070 2255 1290 2323 instruentem

249 2402 410 2490 vidimus,
425 2404 484 2495 qui
496 2401 622 2494 aliquid
643 2401 786 2490 oblitus,
807 2402 943 2471 domum
962 2417 1112 2496 repetens
1135 2403 1178 2470 ab
1196 2404 1289 2496 equis

250 2553 413 2638 discessit,
433 2567 485 2638 et,
512 2577 552 2620 eo
575 2552 730 2631 absente,
759 2551 938 2645 superbum
967 2548 1104 2644 pallium
1130 2550 1288 2644 ephippio

248 2700 441 2794 alligatum,
460 2699 539 2768 loris
556 2699 671 2768 solutis
686 2699 837 2791 subripui
858 2697 958 2766 :dein
976 2697 1158 2766 secundum
1177 2723 1289 2792 mapa-

247 2848 292 2918 lia
311 2851 346 2918 in
368 2848 483 2920 silvam
503 2851 687 2943 proximam
707 2848 892 2940 effugimus.
918 2851 973 2915 ln.
989 2849 1132 2915 nemoris
1158 2872 1287 2915 recessu

226 2985 354 3091 ,inagis
381 3000 417 3066 in
443 3013 516 3066 tuto
540 2999 659 3090 positi,
684 2996 726 3064 de
753 2994 953 3064 occultando
981 3019 1063 3066 auro
1090 2995 1288 3086 jactavimus

248 3146 370 3236 multa,
389 3172 431 3216 ne
449 3161 506 3215 aut
523 3145 688 3214 latrocinii
702 3145 798 3236 argui
815 3169 1000 3238 possemus,
1015 3159 1074 3212 aut
1090 3145 1221 3238 ipsimet
1234 3169 1287 3212 ex·
1390 3159 1393 3214 t

249 3297 368 3394 pilari:
389 3296 523 3365 tandem
541 3298 716 3364 statuimus
736 3293 818 3362 illud
831 3297 951 3389 pannis
965 3295 1086 3361 tunicae
1096 3289 1225 3362 detritae
1238 3295 1287 3361 in-

1391 2025 1393 2062 l

1391 3439 1393 3461 t

247 3464 301 3516 tus
320 3471 498 3532 consuere,
516 3470 616 3537 quam
638 3468 700 3536 ego
718 3458 833 3537 postea
849 3439 991 3537 scapulis
1012 3442 1174 3536 imposui,
1194 3465 1286 3510 eura-

248 3624 313 3691 que
327 3593 418 3691 pallii
434 3592 567 3689 Ascylto
584 3595 778 3678 commissa,
800 3595 862 3661 viis
885 3591 1028 3684 obliquis
1044 3591 1160 3659 urbem
1177 3606 1284 3684 petere

248 3748 468 3816 destinamus:
484 3759 534 3812 ast
548 3743 752 3837 egredientes
760 3739 845 3810 laeva
856 3740 927 3809 haec
939 3737 1126 3808 audivimus
1139 3765 1146 3806 ε
1160 3741 1281 3808 -Non
1392 3727 1393 3746 ¹

247 3895 426 3988 effugient,
448 3919 562 3962 nemus
591 3867 729 3985 ingressi
756 3905 853 3973 sunt,
877 3888 1018 3984 ¹diversis
1037 3889 1283 3982 perquiramus,
1391 3937 1393 4034 p

249 4043 428 4139 utbfacilius
438 4041 598 4135 prehendi
613 4041 751 4131 possint.
762 4077 804 4091 —
818 4039 876 4104 His
888 4036 1029 4119 auditis,
1045 4051 1153 4103 terror.
1169 4036 1281 4127 ingens
