2817 4684
255 376 308 432 116
527 381 561 435 Τ.
584 380 766 436 PETRONII
787 379 1009 436 saxxmcon.

251 503 326 572 lecti
341 507 434 573 strati
448 477 562 593 erant,
579 522 613 576 et
621 505 770 601 reliquus
782 505 987 575 lautitiarum
998 517 1176 622 apparatus
1186 501 1301 595 splen·

250 648 417 718 didissime
437 651 613 743 expositus.
640 653 728 720 tussi
750 673 828 743 ergo
849 649 1094 733 discubuimus,
1123 661 1156 716 et
1177 661 1301 738 gusta-

252 793 342 861 tione
358 794 497 862 mirifica
513 797 657 881 initiati,
686 798 765 863 vino
791 795 890 862 etiam
914 793 1053 862 Falerno
1074 791 1299 861 inundamur.

250 938 385 1029 Excepti
404 938 501 1005 etiam
518 937 670 1031 pluribus
682 938 814 1007 ferculis
824 962 928 1031 quum
945 935 1130 1005 laberemur
1149 937 1184 1004 in
1204 960 1300 1002 som-

244 1051 348 1164 num,
368 1083 522 1149 -Itane
538 1079 611 1148 est?
631 1083 741 1174 inquit
752 1079 936 1170 Quartilla,
953 1081 1052 1148 etiam
1070 1077 1217 1146 dormire
1239 1102 1301 1145 vo-

248 1220 352 1288 bisin
375 1237 485 1292 mente
502 1237 566 1309 est,
585 1245 690 1314 quum
708 1187 816 1292 sciatis
835 1224 945 1316 Priapi
963 1224 1062 1315 genio
1081 1218 1299 1315 pervigilium

250 1363 388 1434 deberi?
490 1430 496 1441 1

608 2075 771 2142 CAPUT
802 2075 922 2142 XXII.

300 2297 415 2385 Quum
435 2296 583 2390 Ascyltos
604 2312 760 2391 gravatus
786 2313 835 2366 tot
850 2296 944 2366 malis
973 2299 1008 2365 in
1027 2319 1179 2366 somnum
1205 2279 1293 2362 labe·

249 2454 358 2527 retur,
386 2437 458 2527 illa,
478 2465 553 2533 quaa
579 2441 702 2533 injuria
728 2441 866 2536 depulsa
895 2441 1017 2528 fixerat,
1047 2438 1167 2508 ancilla
1188 2453 1292 2506 totam

248 2581 365 2650 faciem
380 2583 450 2675 ejus
466 2582 604 2676 fuligine
616 2583 717 2678 longa
734 2585 920 2679 perfricuit,
935 2599 967 2653 et
981 2609 1050 2652 non
1064 2583 1234 2651 sentientis
1248 2581 1291 2649 la·

248 2727 308 2796 bra
327 2728 549 2822 humerosque
567 2731 682 2824 sopitis
695 2731 869 2798 titionibus
888 2731 1006 2823 pinxit.
1020 2733 1094 2796 Jam
1112 2751 1172 2820 ego
1189 2727 1288 2794 etiam

248 2885 299 2939 tot
323 2871 418 2940 malis
434 2872 611 2966 fatigatus,
638 2875 815 2942 minimum
832 2873 934 2942 veluti
959 2886 1093 2964 gustum
1111 2869 1284 2940 hauseram
1392 2963 1393 2974 ,

247 3016 379 3081 somni:
401 3014 489 3083 idem
505 3030 538 3084 et
565 3029 635 3084 tota
656 3018 744 3084 intra
771 3016 917 3108 forisque
935 3014 1059 3120 familia
1078 3014 1217 3085 fecerat:
1234 3029 1283 3082 at·
1368 3025 1371 3030 ’

150 3150 153 3156 ’
246 3137 311 3248 que
325 3154 381 3223 alii
398 3157 486 3224 circa
505 3157 603 3251 pedes
623 3157 901 3226 discumbentium
916 3160 1020 3252 sparsi
1037 3158 1211 3250 jacebant,
1227 3157 1280 3226 alii

245 3301 425 3393 parietibus
443 3300 613 3396 appliciti,
641 3302 779 3396 quidam
800 3303 836 3371 in
865 3305 937 3396 ipso
959 3303 1072 3372 limine
1097 3305 1279 3398 conjunctis
1390 3277 1392 3356 l

245 3447 437 3515 marcebant
452 3447 627 3542 capitibus.
644 3451 805 3516 Lucernae
817 3472 965 3541 quoque,
977 3447 1116 3516 humore
1134 3447 1276 3534 defecta,
1388 3411 1392 3488 l

245 3592 359 3677 tenue,
379 3605 412 3658 et
428 3605 610 3659 extremum
628 3590 739 3660 lumen
760 3591 972 3684 spargebant,
992 3615 1095 3683 quum
1104 3591 1171 3658 duo
1188 3593 1276 3683 Syri,
1390 3511 1392 3620 l

244 3731 422 3826 expilaturi
442 3733 610 3827 lagenam,
628 3733 809 3803 triclinium
826 3736 1055 3803 intraverunt:
1072 3735 1217 3826 dumque
1232 3736 1278 3802 in·

244 3890 293 3943 ter
306 3891 480 3967 argentum
499 3877 628 3945 avidius
647 3879 809 3966 rixantur,
826 3877 995 3946 diductam
1012 3876 1179 3970 fregerunt
1196 3875 1276 3970 lage-

241 4043 329 4086 nam.
347 4018 473 4086 Cecidit
489 4021 588 4088 etiam
602 4027 725 4116 ‘tmensa
743 4045 818 4088 cum
839 4035 1000 4114 argento,
1020 4035 1053 4088 et
1071 4018 1212 4106 ancillae,
1232 4045 1280 4088 su·
