2817 4684
273 385 327 439 16²
544 387 576 438 T.
598 378 776 440 PETRONH
796 382 1017 440 SATYRICON.

269 524 337 577 tam
361 506 540 575 comederit
563 504 729 599 glandem.
754 547 797 562 -
816 508 934 576 Statim
955 510 1049 600 pueri
1075 509 1117 577 ad
1136 513 1306 605 sportellas

268 665 490 738 accesserunt,
510 675 582 743 quae
602 650 829 744 pendebante
856 651 1025 738 dentibus,
1051 652 1306 752 thebaicasque,

269 813 302 865 et
320 810 469 889 caryotas
487 793 529 861 ad
550 819 725 863 numerum
743 794 882 862 divisere
902 795 1118 866 coenantibus.

611 1796 801 1864 *CAPUT
831 1795 942 1862 XL„

314 2022 452 2088 Interim
465 2044 527 2112 ego
537 2072 548 2108 ,
558 2024 616 2113 qui
627 2023 795 2114 privatum
806 2021 969 2090 habebam
982 2045 1159 2105 secessum,
1170 2019 1206 2086 in
1218 2011 1301 2085 mul-

266 2179 314 2232 tas
325 2165 540 2256 cogitationes
552 2163 708 2232 diductus
719 2190 812 2252 sum,
830 2173 934 2258 quare'
940 2173 1023 2259 'aper
1033 2162 1172 2258 pileatus
1182 2164 1300 2231 intras·
1385 2245 1386 2272 ,

265 2321 323 2375 set.
339 2309 518 2399 Postquam
535 2280 647 2400 itaque
660 2333 775 2376 omnes
788 2308 970 2377 bucolesias
984 2309 1165 2394 consumsi,
1183 2306 1300 2376 duravi

265 2452 469 2543 interrogare
483 2449 578 2519 illum
592 2453 806 2545 interpretem
819 2478 950 2540 meum,
966 2452 1047 2545 quid
1058 2477 1111 2520 me
1121 2463 1298 2544 torqueret.

264 2600 309 2662 At
323 2592 396 2662 ille:
417 2634 460 2649 -
477 2592 578 2662 Plane
595 2595 693 2662 etiam
708 2594 772 2663 hoc
786 2620 900 2664 servus
918 2610 994 2663 tuus
1009 2594 1157 2662 indicare
1170 2606 1297 2686 potest:

265 2761 333 2804 non
351 2738 440 2805 enim
460 2738 601 2827 aenigma
621 2751 690 2824 est,
714 2737 770 2805 sed
787 2761 839 2805 res
857 2752 980 2832 aperta.
998 2737 1061 2804 Hic
1079 2735 1177 2829 aper,
1196 2761 1300 2829 quum

264 2866 338 2949 heri
348 2904 511 2948 summam
519 2904 646 2947 coenam
654 2879 898 2967 vindicasset,a
910 2881 1058 2948 convivis
1067 2879 1300 2948 dimissuszita·

263 3051 328 3119 que
348 3024 447 3092 hodie
461 3039 619 3115 tanquam
636 3020 774 3092 libertus
791 3026 825 3090 in
843 3025 1032 3092 convivium
1052 3025 1239 3095 revertitur.
1255 3066 1296 3079 -

262 3169 426 3238 Damnavi
444 3191 506 3258 ego
522 3180 690 3258 stuporem
708 3190 834 3252 mcum,
852 3179 885 3232 et
903 3165 986 3234 nihil
1002 3165 1298 3260 ampliusinterro-

261 3313 357 3405 gavi,
374 3337 416 3378 ne
429 3309 559 3401 viderer
574 3332 747 3400 nunquam
764 3310 850 3376 inter
864 3308 1019 3378 honestos
1035 3313 1198 3379 coenasse.‘
1208 3316 1297 3380 Dum
1381 3371 1382 3376 ,

261 3456 331 3523 haec
348 3453 530 3547 loquimur,
552 3479 635 3548 puer
653 3453 834 3546 speciosus,
854 3452 977 3520 vitibus
1002 3451 1197 3546 hederisque
1215 3457 1298 3525 redi·

260 3601 380 3686 mitus,
401 3599 501 3667 modo
526 3598 717 3683 Bromium,
738 3595 906 3664 interdum
933 3597 1086 3688 Lyaeum,
1112 3599 1297 3693 Eviumque

260 3741 445 3828 confessus,
460 3738 639 3809 calathisco
655 3765 736 3807 uvas
762 3736 984 3825 circumtulit,
1007 3753 1040 3806 et
1061 3754 1214 3833 poemata
1240 3742 1298 3810 do-

258 3888 341 3956 mini
360 3887 410 3954 sui
424 3885 612 3953 acutissima
626 3908 707 3952 voce
721 3879 881 3949 traduxit²
894 3879 945 3949 Ad
962 3906 1061 3973 quem
1081 3907 1200 3952 sonum
1221 3910 1296 3954 con·
1379 3903 1380 3980 ,

258 4057 371 4101 versus
386 4027 604 4098 Trimalchio:
624 4067 668 4081 -
683 4027 831 4118 Dionyse
841 4077 851 4112 ,
872 4025 1004 4118 inquit,
1023 4025 1125 4096 Liber
1143 4028 1236 4099 esto!
1251 4073 1295 4086 —
1377 4027 1378 4032 ’
