2817 4684
265 399 319 467 134
536 407 568 459 Τ.
590 407 769 464 PETRONH
791 411 1015 467 snTYntcolt.

623 1000 790 1067 CAPUT
818 1001 934 1066 XXX.

308 1221 386 1289 Non
405 1221 526 1291 licebat
541 1239 609 1292 tam
622 1223 743 1294 multas
756 1226 826 1318 jam
842 1225 1061 1296 considerare.
1077 1223 1148 1296 Nos
1167 1229 1240 1320 jam
1259 1229 1306 1295 ad
1385 1189 1386 1238 ἶ

262 1365 443 1436 triclinium
459 1394 732 1462 perveneramus,
752 1373 787 1439 in
802 1373 896 1465 cujus
911 1387 1004 1466 parte
1019 1375 1127 1466 prima
1141 1398 1304 1468 procura-

1385 1415 1386 1456 l

262 1527 315 1605 tor
325 1514 469 1581 rationes
481 1515 681 1608 accipiebat:
702 1530 751 1603 et,
765 1516 856 1609 quod
872 1518 1038 1611 praecipue
1051 1518 1189 1586 miratus
1206 1542 1307 1602 sum,

193 1641 197 1654 ’
262 1657 297 1722 in
311 1655 460 1749 postibus
477 1657 613 1725 triclinii
628 1658 730 1728 fasces
747 1675 842 1728 erant
860 1685 937 1728 cum
947 1661 1116 1730 securibus
1130 1661 1203 1747 fixi,
1219 1686 1304 1754 quo·

261 1825 336 1870 rum
348 1777 449 1870 imam
465 1817 592 1896 partem
610 1804 703 1896 quasi
713 1802 879 1872 embolum
895 1807 988 1872 navis
1003 1829 1132 1874 aeneum
1146 1804 1307 1891 finiebat,

263 1948 298 2014 in
317 1971 385 2039 quo
403 1962 474 2016 erat
494 1951 673 2048 scriptum:

671 2143 705 2189 c.
726 2144 894 2190 roureio,

434 2263 707 2309 rumusculum.
726 2264 774 2308 Vl.
797 2264 893 2310 vnto.
921 2263 1130 2311 aucusraut.

551 2383 744 2430 effluamus
770 2383 1013 2431 ntsrsttsaron.

312 2552 381 2620 Sub
399 2551 514 2621 eodem
531 2550 649 2639 titulo,
667 2554 767 2622 etiam
783 2552 917 2622 lucerna
930 2553 1094 2646 bilychnis
1113 2554 1155 2623 de
1169 2579 1303 2623 camara

263 2690 495 2788 pendebat‚'et
511 2695 585 2764 duae
601 2695 721 2764 tabulae
737 2699 773 2764 in
792 2711 938 2788 utroque-
951 2711 1044 2790 poste
1063 2696 1195 2784 dclixae3
1216 2723 1303 2790 qua-¹
1385 2673 1386 2676 Ἴ

263 2864 338 2911 rum
354 2838 473 2926 altera,
491 2842 518 2907 si
535 2841 620 2907 bene
636 2841 789 2926 memini,
807 2839 871 2908 hoc
890 2839 1032 2909 habebat
1051 2841 1271 2933 inscriptum:
1385 2933 1386 2940 ἵ

552 3057 604 3101 ΙΙΙ.
622 3057 666 3101 ΒΤ
684 3056 813 3102 PRIDIE.
833 3059 914 3102 KAL.
934 3059 1008 3104 JAN.

529 3177 562 3220 G.
586 3175 729 3222 ROSTER.
757 3177 875 3222 Bonas.
895 3177 1032 3224 GOENAT.

264 3345 366 3414 altera
386 3344 473 3414 lunae
495 3369 644 3431 cursum,
665 3342 900 3436 stellarumque
923 3359 1047 3438 septem
1069 3347 1230 3438 imagines
1253 3347 1300 3438 pi·

263 3503 351 3575 cus3
371 3503 421 3573 et,
441 3489 498 3580 qui
514 3486 584 3554 dies
600 3487 700 3573 boni,
726 3488 850 3579 quique
877 3453 1080 3555 incommodi
1103 3503 1232 3575 essent,
1252 3489 1300 3555 di·
1385 3499 1386 3526 ¹

264 3632 452 3724 stingnente
467 3629 577 3711 bulla,
596 3631 809 3699 notabantur.
829 3633 888 3699 His
915 3631 1030 3725 repleti
1054 3631 1299 3726 voluptatibus,
1385 3721 1386 3726 ἵ

265 3797 368 3864 quum
400 3797 594 3841 conaremur
629 3774 664 3839 in
705 3772 887 3840 triclinium
928 3775 1055 3843 intrare
1068 3798 1080 3850 ,·
1105 3775 1300 3844 exclamavit
1385 3811 1386 3892 p

264 3940 398 3994 unusex
416 3917 542 4009 pueris,
563 3919 622 4009 qui
635 3941 733 4010 super
754 3916 818 3984 hoc
836 3915 984 3986 officium
1000 3933 1071 3985 erat
1091 3921 1236 4012 positus:
1255 3961 1297 3975 -

263 4062 395 4130 Dextro
408 4059 509 4158 pede,
526 4097 567 4116 -
587 4059 666 4128 Sine‘
682 4060 786 4128 (lubio
798 4057 965 4164 paulisper
986 4061 1237 4154 trepidavimus,
1258 4089 1301 4131 ne
1385 4029 1386 4086 3
