2817 4684
236 405 289 460 186
506 407 539 460 T.
559 405 739 464 PETRONII
760 405 980 464 sammon.

547 993 720 1061 CAPUT
754 993 940 1062 XLVIII.

276 1202 476 1284 Trimalchio
495 1228 605 1284 autem
625 1217 698 1284 miti
716 1216 767 1284 ad
778 1241 838 1286 uos
857 1214 951 1284 vultu
968 1215 1124 1310 respexit3
1141 1228 1197 1284 et:
1219 1256 1269 1268 -

229 1357 371 1441 Vinum,
388 1358 514 1448 inquit,
532 1360 559 1426 si
566 1355 640 1427 'non
654 1357 778 1452 plicet,
798 1359 953 1427 mutabo:
974 1383 1032 1426 vos
1048 1355 1146 1444 illud,
1163 1381 1267 1452 opor-

173 1455 202 1618 i,
230 1512 292 1586 tet,
302 1498 429 1566 bonum
437 1498 573 1568 faciatis.
583 1505 732 1570 Deorum
745 1501 978 1570 beneficionon
989 1525 1080 1588 emo,
1092 1499 1147 1568 sed
1160 1525 1270 1586 nunc,

227 1643 389 1736 quidquid
412 1645 455 1712 ad
480 1643 614 1714 salivam
633 1645 741 1733 facit,
765 1648 799 1714 in
821 1645 1012 1716 suburbano
1039 1647 1186 1714 nascitur
1204 1671 1267 1732 eo,

231 1789 323 1881 quod
336 1813 398 1881 ego
411 1790 520 1859 adhuc
538 1814 605 1858 non
624 1791 713 1858 novi.
732 1791 865 1860 Dicitur
882 1787 1012 1858 confine
1030 1813 1098 1858 esse
1117 1791 1270 1858 Tarraci-

232 1933 389 2001 nensibus
402 1948 435 2002 et
447 1935 646 2004 Tarentinis.
663 1937 764 2004 Nunc
778 1933 980 2027 conjungere
993 1932 1106 2026 agellis
1120 1932 1270 2002 Siciliam

226 2074 318 2162 volo,
336 2090 393 2162 ut,
412 2100 516 2168 quum
528 2076 674 2145 Africam
687 2074 822 2144 libuerit
842 2080 909 2162 ire,
927 2101 986 2169 per
999 2101 1088 2144 meos
1106 2075 1188 2143 fines
1206 2099 1270 2142 na·

228 2219 346 2309 vigem.
366 2217 430 2286 Sed
447 2243 546 2286 narra
563 2233 600 2286 tu
621 2218 723 2305 mihi,
744 2219 987 2310 Agamemnon,
1010 2244 1108 2312 quam
1130 2233 1264 2287 contro-

228 2361 368 2428 versiam
386 2360 484 2429 hodie
511 2359 717 2429 declamasti?
750 2360 850 2456 (Ego
867 2375 977 2431 autem
1006 2362 1034 2428 si
1055 2386 1168 2430 causas
1196 2386 1266 2434 non

233 2528 315 2597 ago,
333 2505 368 2571 in
386 2503 546 2572 divisione
564 2517 673 2573 tamen
686 2500 809 2572 litteras
832 2502 955 2585 didici;
974 2519 1028 2590 et,
1046 2529 1087 2572 ne
1103 2529 1156 2574 me
1172 2517 1268 2596 putes
1388 2549 1389 2578 ,

231 2646 340 2714 studia
363 2645 564 2734 fastiditum,
583 2660 648 2714 tres
674 2644 890 2716 bibliothecas
912 2645 1038 2732 habeo,
1059 2669 1160 2716 unam
1184 2669 1272 2738 grae-

231 2815 319 2877 cam,
336 2789 453 2858 alteras
471 2787 614 2885 latinas.)
632 2790 696 2858 Dic
728 2813 825 2882 ergo,
843 2791 939 2858 sime
964 2811 1072 2875 amas,
1094 2787 1267 2881 peristasin
1387 2827 1388 2840 .

234 2934 480 3003 declamationis
490 2948 564 3001 tuae.
573 2976 615 2990 -
627 2935 742 3020 Quum
752 2934 884 3002 dixisset
896 2905 1122 3026 ilgamemnon
1134 2961 1142 3000 z
1159 2935 1268 2999 «Pau-

236 3103 295 3173 per
318 3093 351 3146 et
376 3076 467 3146 dives
491 3078 617 3146 inimici
638 3092 752 3164 erant;
767 3107 783 3142 ›>
809 3079 856 3146 ait
873 3075 1096 3146 Trimalchio:
1115 3115 1158 3130 -
1176 3075 1270 3164 Quid*
1386 3067 1387 3106 ³

234 3237 283 3291 est
304 3218 449 3315 pauper?
467 3220 674 3306 -Urbane,
689 3221 799 3312 inquit
822 3221 1067 3312 Agamemnon,
1090 3233 1180 3287 -et
1198 3243 1269 3286 nes·

236 3339 403 3459 cio-quani
420 3363 677 3431 controversiam
694 3363 855 3456 exposuit.
869 3363 988 3430 Statim
997 3360 1213 3438 Trimalchio:
1224 3399 1262 3416 -
1385 3324 1386 3334 ἵ

237 3513 325 3594 Ηοο,
349 3509 473 3600 inquit,
492 3508 519 3574 si
535 3505 658 3574 factum
681 3520 748 3592 est,
770 3506 995 3573 controversia
1011 3529 1080 3571 non
1094 3519 1160 3589 est3
1180 3505 1207 3570 si
1222 3502 1269 3569 fa·

238 3660 327 3712 ctmn
345 3669 412 3711 non
427 3658 492 3730 est,
503 3641 587 3710 nihil
599 3645 790 3711 est-Haec
803 3640 931 3733 aliaque
949 3664 1052 3734 quum
1068 3639 1268 3708 effusissimis

238 3805 510 3876 prosequeremur
535 3778 802 3867 laudationibus,
828 3819 871 3837 -
890 3781 1005 3870 Rogo,
1036 3777 1160 3869 inquit,
1185 3779 1269 3868 Aga·
1383 3843 1384 3856 ,

238 3940 409 4003 memnon,
427 3917 507 3984 mihi
526 3917 707 4002 carissime,
727 3912 898 4005 numquid
916 3912 1090 3982 duodecim
1109 3935 1268 3980 aerumnas

239 4053 389 4122 Herculis
407 4066 510 4139 tenes,
529 4066 593 4119 aut·
611 4050 653 4119 de
677 4051 784 4142 Ulyxe
804 4047 965 4137 fabulam,
993 4047 1269 4140 quemadmodum
1382 4079 1383 4118 1
