2817 4684
227 379 230 383 ,
253 317 291 392 96
528 319 560 374 Τ.
582 317 766 375 Pmoun
788 317 1012 376 Smtttcott.

135 431 138 436 ’
253 445 437 514 obscuritas
453 445 610 539 temporis
622 443 776 514 facillime
792 459 925 538 tegeret.
946 447 1061 534 Quum
1081 469 1162 540 ergo
1177 461 1212 515 et
1228 448 1298 541 ipsi

252 604 385 684 raptum
412 587 587 656 latrocinio
611 586 750 682 pallium
773 587 1017 676 detulissemus,
1048 591 1098 658 uti
1119 592 1299 659 occasione

255 732 536 829 opportunissima
553 735 731 826 coepimus,
750 747 850 825 atque
876 735 911 800 in
939 733 1085 828 quodam
1103 735 1229 828 angulo
1252 735 1300 804 la·

255 877 378 945 ciniam
386 889 565 944 extremam
574 889 768 960 concutere,
779 876 807 946 si
817 899 916 968 quem
925 873 1010 944 sorte
1019 891 1178 949 emtorcm
1188 877 1300 972 splen-

257 1019 336 1088 dida
354 1019 454 1087 vestis
474 1032 584 1114 posset
605 1017 779 1086 adducere.
810 1018 881 1088 Nec
902 1017 960 1088 diu
980 1035 1128 1090 moratus
1150 1024 1298 1091 rusticus

259 1163 413 1257 quidam,
431 1161 601 1230 familiaris
618 1161 723 1230 oculis
744 1162 843 1248 meis,
864 1187 940 1231 cum
961 1161 1156 1232 muliercula
1174 1167 1299 1234 comite
1387 1261 1388 1266 ἵ

258 1308 396 1404 propius
411 1307 564 1393 accessit,
584 1328 624 1373 ac
639 1304 831 1398 diligentius
848 1303 1057 1375 considerare
1074 1307 1213 1401 pallium
1229 1335 1298 1376 coe-

258 1453 318 1544 pit.
335 1450 481 1520 Invicem
495 1447 645 1542 Ascyltos
662 1448 775 1541 injecit
791 1447 1104 1543 contemplationem
1120 1475 1220 1545 super
1235 1451 1299 1520 hu·
1388 1506 1389 1558 ᾗ

259 1618 367 1662 meros
379 1592 493 1662 rustici
503 1592 655 1678 emtoris,
669 1616 710 1660 ac
722 1591 833 1660 subito
846 1593 1051 1662 exanimatus
1065 1595 1238 1664 conticuit.
1250 1599 1300 1665 Ac
1388 1597 1389 1604 ’

262 1765 304 1807 ne
314 1740 383 1833 ipse
394 1737 528 1831 quidem
539 1738 610 1806 sine
621 1735 734 1830 aliquo
747 1751 840 1805 motu
852 1735 1021 1807 hominem
1034 1741 1207 1833 conspexi:
1221 1765 1300 1808 nam

262 1885 437 1952 videbatur
456 1882 510 1954 ille
527 1877 611 1952 mihi
630 1906 700 1951 esse
722 1883 780 1975 qui
796 1881 979 1952 tuniculam
1001 1886 1036 1952 in
1054 1884 1233 1956 solitudine
1250 1889 1301 1954 in·
1389 1977 1390 1980 Ἴ

261 2044 414 2116 venerat,
435 2028 535 2123 plane
554 2029 582 2100 is
608 2028 678 2122 ipse
694 2042 776 2098 erat.
796 2027 861 2098 Sed
878 2053 982 2122 quum
1001 2029 1150 2124 Ascyltos
1168 2033 1300 2102 timeret

234 2159 238 2163 ’
263 2171 362 2240 lidern
376 2170 566 2239 oculorum:
584 2169 722 2262 nequid
736 2183 857 2238 temere
871 2169 1010 2258 faceret,
1031 2174 1124 2266 prius
1140 2187 1301 2267 tanquam

263 2332 370 2387 emtor
386 2317 543 2415 proprius
558 2317 714 2402 accessit,
732 2313 938 2409 detraxitque
956 2317 1100 2386 humeris
1125 2315 1301 2407 laciniam,

264 2475 297 2528 et
316 2457 508 2554 diligentius
527 2459 643 2529 tenuit.

636 2735 800 2804 error
825 2736 935 2830 ‚xus

312 2948 346 3020 0
362 2948 470 3018 lusum
487 2947 630 3015 fortunae
647 2942 850 3013 mirabilem!
870 2947 957 3014 Nam
976 2945 1086 3016 adhuc
1100 2973 1162 3016 nec
1179 2964 1303 3019 suturae

267 3093 401 3187 quidem
419 3091 575 3161 attulerat
587 3091 729 3158 rusticus
746 3091 892 3158 curiosas
905 3115 1039 3180 manus,
1066 3092 1122 3160 sed
1142 3107 1318 3188 tauquam,

158 3270 163 3281 ·
267 3237 410 3308 mendici
435 3234 577 3331 spolium
595 3222 694 3302 etiam
720 3232 886 3304 fastidiose
909 3235 1111 3305 venditabat.
1135 3239 1303 3336 Ascyltos,

267 3399 444 3478 postquam
458 3379 644 3474 depositum
662 3402 733 3446 esse
752 3377 948 3447 inviolatum
965 3379 1065 3468 vidit,
1083 3396 1116 3450 et
1129 3409 1302 3476 personam

266 3525 438 3594 vendentis
449 3535 667 3607 contemtum,
684 3520 814 3590 seduxit
827 3545 880 3593 me
894 3520 1066 3615 paululum
1085 3550 1104 3594 a
1123 3528 1238 3614 turba,
1252 3545 1301 3597 et:

268 3667 413 3753 -Scis,
442 3664 571 3756 inquit,
591 3661 707 3748 frater,
729 3661 863 3730 rediisse
885 3661 927 3730 ad
946 3687 1007 3731 nos
1025 3665 1234 3756 thesaurum,
1263 3669 1303 3738 de

178 3889 186 3908 .
231 3852 240 3861 ·
268 3838 337 3906 quo
357 3807 539 3904 querebar?
557 3806 617 3876 llla
637 3822 686 3875 est
707 3806 854 3876 tunicula
876 3805 1003 3896 adhuc,
1017 3823 1055 3876 ut
1071 3827 1226 3906 apparet,
1254 3815 1302 3881 in-

271 3958 366 4029 tactis
382 3955 489 4024 aureis
517 3953 625 4049 plena.
645 3950 738 4041 Quid
760 3951 861 4042 igitur
878 3948 1034 4040 facimus;
1060 3969 1118 4022 aut
1143 3979 1211 4048 quo
1230 3958 1303 4049 jure
