<?xml version="1.0" encoding="UTF-8"?>
<!DOCTYPE html PUBLIC "-//W3C//DTD XHTML 1.0 Transitional//EN"
    "http://www.w3.org/TR/xhtml1/DTD/xhtml1-transitional.dtd">
<html xmlns="http://www.w3.org/1999/xhtml" xml:lang="en" lang="en">
 <head>
  <title>
</title>
<meta http-equiv="Content-Type" content="text/html;charset=utf-8" />
  <meta name='ocr-system' content='tesseract 3.04.00' />
  <meta name='ocr-capabilities' content='ocr_page ocr_carea ocr_par ocr_line ocrx_word'/>
</head>
<body>
  <div class='ocr_page' id='page_1' title='image "./lesatyricondetp00conggoog_0133.png"; bbox 0 0 2817 4684; ppageno 0'>
   <div class='ocr_carea' id='block_1_1' title="bbox 270 409 1023 467">
    <p class='ocr_par' dir='ltr' id='par_1_1' title="bbox 270 409 1023 467">
     <span class='ocr_line' id='line_1_1' title="bbox 270 409 1023 467; baseline 0.012 -13"><span class='ocrx_word' id='word_1_1' title='bbox 270 419 324 455; x_wconf 83' lang='lat' dir='ltr'><strong>rao</strong></span> <span class='ocrx_word' id='word_1_2' title='bbox 544 409 576 461; x_wconf 86' lang='lat' dir='ltr'><strong>T.</strong></span> <span class='ocrx_word' id='word_1_3' title='bbox 598 409 781 467; x_wconf 80' lang='lat' dir='ltr'><strong>PETRONlI</strong></span> <span class='ocrx_word' id='word_1_4' title='bbox 801 409 1023 464; x_wconf 81' lang='lat' dir='ltr'>SATYRICON.</span> 
     </span>
    </p>
   </div>
   <div class='ocr_carea' id='block_1_2' title="bbox 261 524 1310 1054">
    <p class='ocr_par' dir='ltr' id='par_1_2' title="bbox 261 524 1310 1054">
     <span class='ocr_line' id='line_1_2' title="bbox 267 524 1310 623; baseline 0.005 -32"><span class='ocrx_word' id='word_1_5' title='bbox 267 524 421 619; x_wconf 87' lang='lat' dir='ltr'><strong>conspuit</strong></span> <span class='ocrx_word' id='word_1_6' title='bbox 439 554 447 594; x_wconf 77' lang='grc' dir='ltr'><strong><em>ε</em></strong></span> <span class='ocrx_word' id='word_1_7' title='bbox 465 554 540 597; x_wconf 81' lang='lat' dir='ltr'><strong>mox</strong></span> <span class='ocrx_word' id='word_1_8' title='bbox 557 543 590 597; x_wconf 89' lang='lat' dir='ltr'><strong>et</strong></span> <span class='ocrx_word' id='word_1_9' title='bbox 606 554 706 623; x_wconf 89' lang='lat' dir='ltr'><strong>super</strong></span> <span class='ocrx_word' id='word_1_10' title='bbox 718 529 840 598; x_wconf 87' lang='lat' dir='ltr'><strong>lectum</strong></span> <span class='ocrx_word' id='word_1_11' title='bbox 855 532 945 597; x_wconf 89' lang='lat' dir='ltr'><strong>venit</strong></span> <span class='ocrx_word' id='word_1_12' title='bbox 957 581 966 616; x_wconf 96' lang='lat'><strong>,</strong></span> <span class='ocrx_word' id='word_1_13' title='bbox 979 531 1185 622; x_wconf 87' lang='lat' dir='ltr'><strong>atqueomni</strong></span> <span class='ocrx_word' id='word_1_14' title='bbox 1199 531 1234 596; x_wconf 84' lang='lat' dir='ltr'><strong>vi</strong></span> <span class='ocrx_word' id='word_1_15' title='bbox 1250 529 1310 596; x_wconf 89' lang='lat' dir='ltr'><strong>de-</strong></span> 
     </span>
     <span class='ocr_line' id='line_1_3' title="bbox 267 670 1310 767; baseline 0.003 -30"><span class='ocrx_word' id='word_1_16' title='bbox 267 670 348 737; x_wconf 83' lang='lat' dir='ltr'><strong>texit</strong></span> <span class='ocrx_word' id='word_1_17' title='bbox 374 688 588 740; x_wconf 80' lang='lat' dir='ltr'><strong>recusantem.</strong></span> <span class='ocrx_word' id='word_1_18' title='bbox 615 677 723 767; x_wconf 84' lang='lat' dir='ltr'><strong>Super</strong></span> <span class='ocrx_word' id='word_1_19' title='bbox 751 675 889 765; x_wconf 85' lang='lat' dir='ltr'><strong>inguina</strong></span> <span class='ocrx_word' id='word_1_20' title='bbox 913 699 983 742; x_wconf 90' lang='lat' dir='ltr'><strong>mea</strong></span> <span class='ocrx_word' id='word_1_21' title='bbox 1008 673 1067 741; x_wconf 91' lang='lat' dir='ltr'><strong>diu</strong></span> <span class='ocrx_word' id='word_1_22' title='bbox 1094 673 1310 766; x_wconf 90' lang='lat' dir='ltr'><strong>multumque</strong></span> 
     </span>
     <span class='ocr_line' id='line_1_4' title="bbox 266 810 1308 913; baseline 0.005 -35"><span class='ocrx_word' id='word_1_23' title='bbox 266 810 387 881; x_wconf 88' lang='lat' dir='ltr'><strong>frustra</strong></span> <span class='ocrx_word' id='word_1_24' title='bbox 405 815 532 884; x_wconf 89' lang='lat' dir='ltr'><strong>moluit.</strong></span> <span class='ocrx_word' id='word_1_25' title='bbox 552 816 761 886; x_wconf 88' lang='lat' dir='ltr'><strong>Perfluebant</strong></span> <span class='ocrx_word' id='word_1_26' title='bbox 779 844 838 913; x_wconf 92' lang='lat' dir='ltr'><strong>per</strong></span> <span class='ocrx_word' id='word_1_27' title='bbox 854 818 999 886; x_wconf 85' lang='lat' dir='ltr'><strong>frontem</strong></span> <span class='ocrx_word' id='word_1_28' title='bbox 1020 818 1169 888; x_wconf 90' lang='lat' dir='ltr'><strong>sudantis</strong></span> <span class='ocrx_word' id='word_1_29' title='bbox 1183 819 1308 886; x_wconf 85' lang='lat' dir='ltr'><strong>acaciae</strong></span> 
     </span>
     <span class='ocr_line' id='line_1_5' title="bbox 261 956 1308 1054; baseline 0.007 -33"><span class='ocrx_word' id='word_1_30' title='bbox 261 956 346 1042; x_wconf 90' lang='lat' dir='ltr'><strong>rivi,</strong></span> <span class='ocrx_word' id='word_1_31' title='bbox 362 971 395 1024; x_wconf 90' lang='lat' dir='ltr'><strong>et</strong></span> <span class='ocrx_word' id='word_1_32' title='bbox 413 960 501 1028; x_wconf 90' lang='lat' dir='ltr'><strong>inter</strong></span> <span class='ocrx_word' id='word_1_33' title='bbox 517 984 616 1053; x_wconf 81' lang='lat' dir='ltr'><strong>rugas</strong></span> <span class='ocrx_word' id='word_1_34' title='bbox 635 960 797 1030; x_wconf 85' lang='lat' dir='ltr'><strong>malarum</strong></span> <span class='ocrx_word' id='word_1_35' title='bbox 815 976 945 1030; x_wconf 88' lang='lat' dir='ltr'><strong>tantum</strong></span> <span class='ocrx_word' id='word_1_36' title='bbox 965 976 1036 1030; x_wconf 88' lang='lat' dir='ltr'><strong>erat</strong></span> <span class='ocrx_word' id='word_1_37' title='bbox 1054 976 1166 1048; x_wconf 76' lang='lat' dir='ltr'><strong>cretae,</strong></span> <span class='ocrx_word' id='word_1_38' title='bbox 1182 976 1222 1029; x_wconf 90' lang='lat' dir='ltr'><strong>ut</strong></span> <span class='ocrx_word' id='word_1_39' title='bbox 1242 986 1308 1054; x_wconf 92' lang='lat' dir='ltr'><strong>pu-</strong></span> 
     </span>
    </p>
   </div>
   <div class='ocr_carea' id='block_1_3' title="bbox 264 1099 1015 1196">
    <p class='ocr_par' dir='ltr' id='par_1_3' title="bbox 264 1099 1015 1196">
     <span class='ocr_line' id='line_1_6' title="bbox 264 1099 1015 1196; baseline 0.008 -30"><span class='ocrx_word' id='word_1_40' title='bbox 264 1112 350 1166; x_wconf 78' lang='lat' dir='ltr'><strong>tares</strong></span> <span class='ocrx_word' id='word_1_41' title='bbox 365 1099 530 1170; x_wconf 84' lang='lat' dir='ltr'><strong>detectum</strong></span> <span class='ocrx_word' id='word_1_42' title='bbox 548 1106 706 1196; x_wconf 86' lang='lat' dir='ltr'><strong>parietem</strong></span> <span class='ocrx_word' id='word_1_43' title='bbox 723 1105 837 1176; x_wconf 86' lang='lat' dir='ltr'><strong>nimbo</strong></span> <span class='ocrx_word' id='word_1_44' title='bbox 854 1103 1015 1173; x_wconf 86' lang='lat' dir='ltr'><strong>laborare.</strong></span> 
     </span>
    </p>
   </div>
   <div class='ocr_carea' id='block_1_4' title="bbox 611 1499 943 1568">
    <p class='ocr_par' dir='ltr' id='par_1_4' title="bbox 611 1499 943 1568">
     <span class='ocr_line' id='line_1_7' title="bbox 611 1499 943 1568; baseline -0.003 -2"><span class='ocrx_word' id='word_1_45' title='bbox 611 1501 774 1568; x_wconf 80' lang='lat' dir='ltr'>CAPUT</span> <span class='ocrx_word' id='word_1_46' title='bbox 806 1499 943 1568; x_wconf 84' lang='lat' dir='ltr'><strong>XXIV.</strong></span> 
     </span>
    </p>
   </div>
   <div class='ocr_carea' id='block_1_5' title="bbox 258 1731 1388 2546">
    <p class='ocr_par' dir='ltr' id='par_1_5' title="bbox 258 1731 1388 2546">
     <span class='ocr_line' id='line_1_8' title="bbox 310 1731 1307 1827; baseline -0.002 -25"><span class='ocrx_word' id='word_1_47' title='bbox 310 1735 387 1802; x_wconf 90' lang='lat' dir='ltr'><strong>Non</strong></span> <span class='ocrx_word' id='word_1_48' title='bbox 405 1746 496 1800; x_wconf 83' lang='lat' dir='ltr'><strong>tenui</strong></span> <span class='ocrx_word' id='word_1_49' title='bbox 513 1757 574 1824; x_wconf 79' lang='lat' dir='ltr'><strong>ego</strong></span> <span class='ocrx_word' id='word_1_50' title='bbox 593 1732 718 1801; x_wconf 88' lang='lat' dir='ltr'><strong>diutius</strong></span> <span class='ocrx_word' id='word_1_51' title='bbox 734 1732 912 1827; x_wconf 84' lang='lat' dir='ltr'><strong>lacrymas:</strong></span> <span class='ocrx_word' id='word_1_52' title='bbox 931 1733 988 1801; x_wconf 88' lang='lat' dir='ltr'><strong>sed</strong></span> <span class='ocrx_word' id='word_1_53' title='bbox 1002 1733 1045 1800; x_wconf 92' lang='lat' dir='ltr'><strong>ad</strong></span> <span class='ocrx_word' id='word_1_54' title='bbox 1059 1731 1210 1799; x_wconf 85' lang='lat' dir='ltr'><strong>ultimam</strong></span> <span class='ocrx_word' id='word_1_55' title='bbox 1227 1757 1307 1826; x_wconf 87' lang='lat' dir='ltr'><strong>per-</strong></span> 
     </span>
     <span class='ocr_line' id='line_1_9' title="bbox 260 1875 1307 1970; baseline -0.001 -26"><span class='ocrx_word' id='word_1_56' title='bbox 260 1875 379 1944; x_wconf 89' lang='lat' dir='ltr'><strong>ductus</strong></span> <span class='ocrx_word' id='word_1_57' title='bbox 398 1877 581 1965; x_wconf 88' lang='lat' dir='ltr'><strong>tristitiam,</strong></span> <span class='ocrx_word' id='word_1_58' title='bbox 591 1879 780 1964; x_wconf 83' lang='lat' dir='ltr'><strong>—Quaeso,</strong></span> <span class='ocrx_word' id='word_1_59' title='bbox 793 1880 948 1970; x_wconf 90' lang='lat' dir='ltr'><strong>inquam,</strong></span> <span class='ocrx_word' id='word_1_60' title='bbox 966 1877 1117 1963; x_wconf 89' lang='lat' dir='ltr'><strong>domina,</strong></span> <span class='ocrx_word' id='word_1_61' title='bbox 1134 1891 1222 1944; x_wconf 89' lang='lat' dir='ltr'><strong>certe</strong></span> <span class='ocrx_word' id='word_1_62' title='bbox 1237 1901 1307 1943; x_wconf 90' lang='lat' dir='ltr'><strong>em·</strong></span> 
     </span>
     <span class='ocr_line' id='line_1_10' title="bbox 260 2020 1388 2134; baseline 0.001 -47"><span class='ocrx_word' id='word_1_63' title='bbox 260 2020 449 2089; x_wconf 85' lang='lat' dir='ltr'><strong>basieoetam</strong></span> <span class='ocrx_word' id='word_1_64' title='bbox 457 2022 600 2112; x_wconf 90' lang='lat' dir='ltr'><strong>jusseras</strong></span> <span class='ocrx_word' id='word_1_65' title='bbox 611 2021 940 2115; x_wconf 76' lang='lat' dir='ltr'><strong>dari—Complosit</strong></span> <span class='ocrx_word' id='word_1_66' title='bbox 949 2020 1005 2090; x_wconf 89' lang='lat' dir='ltr'><strong>illa</strong></span> <span class='ocrx_word' id='word_1_67' title='bbox 1014 2023 1158 2090; x_wconf 89' lang='lat' dir='ltr'><strong>tenerius</strong></span> <span class='ocrx_word' id='word_1_68' title='bbox 1167 2046 1306 2108; x_wconf 90' lang='lat' dir='ltr'><strong>manus,</strong></span> <span class='ocrx_word' id='word_1_69' title='bbox 1387 2119 1388 2134; x_wconf 11' lang='grc' dir='ltr'>χ</span> 
     </span>
     <span class='ocr_line' id='line_1_11' title="bbox 260 2148 1388 2259; baseline 0.002 -29"><span class='ocrx_word' id='word_1_70' title='bbox 260 2179 309 2250; x_wconf 90' lang='lat' dir='ltr'><strong>et,</strong></span> <span class='ocrx_word' id='word_1_71' title='bbox 329 2148 377 2217; x_wconf 54' lang='grc' dir='ltr'><strong>ἕ-</strong></span> <span class='ocrx_word' id='word_1_72' title='bbox 392 2168 442 2253; x_wconf 91' lang='lat'><strong>0,</strong></span> <span class='ocrx_word' id='word_1_73' title='bbox 472 2168 597 2259; x_wconf 91' lang='lat' dir='ltr'><strong>inquit,</strong></span> <span class='ocrx_word' id='word_1_74' title='bbox 625 2166 794 2234; x_wconf 89' lang='lat' dir='ltr'><strong>hominem</strong></span> <span class='ocrx_word' id='word_1_75' title='bbox 810 2182 962 2253; x_wconf 88' lang='lat' dir='ltr'><strong>acutum,</strong></span> <span class='ocrx_word' id='word_1_76' title='bbox 982 2181 1082 2259; x_wconf 87' lang='lat' dir='ltr'><strong>atque</strong></span> <span class='ocrx_word' id='word_1_77' title='bbox 1101 2165 1306 2233; x_wconf 79' lang='lat' dir='ltr'><strong>urbanitatis</strong></span> <span class='ocrx_word' id='word_1_78' title='bbox 1387 2193 1388 2258; x_wconf 62' lang='lat' dir='ltr'><strong>l</strong></span> 
     </span>
     <span class='ocr_line' id='line_1_12' title="bbox 258 2309 1305 2401; baseline 0.003 -24"><span class='ocrx_word' id='word_1_79' title='bbox 258 2311 403 2380; x_wconf 83' lang='lat' dir='ltr'><strong>vernulae</strong></span> <span class='ocrx_word' id='word_1_80' title='bbox 424 2309 584 2380; x_wconf 82' lang='lat' dir='ltr'><strong>frontem!</strong></span> <span class='ocrx_word' id='word_1_81' title='bbox 602 2311 720 2401; x_wconf 76' lang='lat' dir='ltr'><strong>Quid?</strong></span> <span class='ocrx_word' id='word_1_82' title='bbox 750 2328 786 2381; x_wconf 90' lang='lat' dir='ltr'><strong>tu</strong></span> <span class='ocrx_word' id='word_1_83' title='bbox 803 2339 871 2381; x_wconf 92' lang='lat' dir='ltr'><strong>non</strong></span> <span class='ocrx_word' id='word_1_84' title='bbox 891 2311 1111 2399; x_wconf 80' lang='lat' dir='ltr'><strong>intellexeras,</strong></span> <span class='ocrx_word' id='word_1_85' title='bbox 1135 2312 1305 2380; x_wconf 83' lang='lat' dir='ltr'><strong>cinaedum</strong></span> 
     </span>
     <span class='ocr_line' id='line_1_13' title="bbox 258 2458 1387 2546; baseline 0.002 -20"><span class='ocrx_word' id='word_1_86' title='bbox 258 2459 501 2527; x_wconf 88' lang='lat' dir='ltr'><strong>embasicoetam</strong></span> <span class='ocrx_word' id='word_1_87' title='bbox 520 2458 655 2528; x_wconf 83' lang='lat' dir='ltr'><strong>vocari?</strong></span> <span class='ocrx_word' id='word_1_88' title='bbox 672 2501 719 2513; x_wconf 87' lang='grc'>-</span> <span class='ocrx_word' id='word_1_89' title='bbox 735 2461 881 2546; x_wconf 83' lang='lat' dir='ltr'><strong>Deinde,</strong></span> <span class='ocrx_word' id='word_1_90' title='bbox 909 2485 950 2528; x_wconf 92' lang='lat' dir='ltr'><strong>ne</strong></span> <span class='ocrx_word' id='word_1_91' title='bbox 967 2458 1198 2528; x_wconf 87' lang='lat' dir='ltr'><strong>contubernali</strong></span> <span class='ocrx_word' id='word_1_92' title='bbox 1223 2485 1303 2528; x_wconf 85' lang='lat' dir='ltr'><strong>nico</strong></span> <span class='ocrx_word' id='word_1_93' title='bbox 1386 2461 1387 2466; x_wconf 66' lang='grc'>’</span> 
     </span>
    </p>
   </div>
   <div class='ocr_carea' id='block_1_6' title="bbox 258 2605 1307 2702">
    <p class='ocr_par' dir='ltr' id='par_1_6' title="bbox 258 2605 1307 2702">
     <span class='ocr_line' id='line_1_14' title="bbox 258 2605 1307 2702; baseline 0.002 -29"><span class='ocrx_word' id='word_1_94' title='bbox 258 2605 374 2676; x_wconf 90' lang='lat' dir='ltr'><strong>melius</strong></span> <span class='ocrx_word' id='word_1_95' title='bbox 386 2607 591 2684; x_wconf 89' lang='lat' dir='ltr'><strong>succederet:</strong></span> <span class='ocrx_word' id='word_1_96' title='bbox 604 2613 719 2677; x_wconf 90' lang='lat' dir='ltr'><strong>-Per</strong></span> <span class='ocrx_word' id='word_1_97' title='bbox 734 2609 844 2695; x_wconf 88' lang='lat' dir='ltr'><strong>fidem,</strong></span> <span class='ocrx_word' id='word_1_98' title='bbox 861 2610 1008 2701; x_wconf 88' lang='lat' dir='ltr'><strong>inquam,</strong></span> <span class='ocrx_word' id='word_1_99' title='bbox 1018 2607 1173 2690; x_wconf 72' lang='lat' dir='ltr'><strong>vestram,</strong></span> <span class='ocrx_word' id='word_1_100' title='bbox 1188 2607 1307 2702; x_wconf 85' lang='lat' dir='ltr'><strong>Ascyl-</strong></span> 
     </span>
    </p>
   </div>
   <div class='ocr_carea' id='block_1_7' title="bbox 258 2719 1387 2850">
    <p class='ocr_par' dir='ltr' id='par_1_7' title="bbox 258 2719 1387 2850">
     <span class='ocr_line' id='line_1_15' title="bbox 258 2719 1387 2850; baseline 0.003 -28"><span class='ocrx_word' id='word_1_101' title='bbox 258 2770 309 2823; x_wconf 91' lang='lat' dir='ltr'><strong>tos</strong></span> <span class='ocrx_word' id='word_1_102' title='bbox 322 2758 357 2824; x_wconf 91' lang='lat' dir='ltr'><strong>in</strong></span> <span class='ocrx_word' id='word_1_103' title='bbox 370 2757 434 2824; x_wconf 87' lang='lat' dir='ltr'><strong>hoc</strong></span> <span class='ocrx_word' id='word_1_104' title='bbox 450 2757 595 2826; x_wconf 92' lang='lat' dir='ltr'><strong>triclinio</strong></span> <span class='ocrx_word' id='word_1_105' title='bbox 607 2757 694 2826; x_wconf 90' lang='lat' dir='ltr'><strong>solus</strong></span> <span class='ocrx_word' id='word_1_106' title='bbox 707 2757 804 2826; x_wconf 87' lang='lat' dir='ltr'><strong>ferias</strong></span> <span class='ocrx_word' id='word_1_107' title='bbox 818 2757 911 2850; x_wconf 81' lang='lat' dir='ltr'><strong>agit?</strong></span> <span class='ocrx_word' id='word_1_108' title='bbox 926 2797 969 2810; x_wconf 89' lang='lat'>-</span> <span class='ocrx_word' id='word_1_109' title='bbox 983 2755 1057 2825; x_wconf 76' lang='lat' dir='ltr'><strong>Ita?</strong></span> <span class='ocrx_word' id='word_1_110' title='bbox 1072 2758 1182 2849; x_wconf 92' lang='lat' dir='ltr'><strong>inquit</strong></span> <span class='ocrx_word' id='word_1_111' title='bbox 1191 2759 1306 2844; x_wconf 86' lang='lat' dir='ltr'><strong>Quar-</strong></span> <span class='ocrx_word' id='word_1_112' title='bbox 1386 2719 1387 2777; x_wconf 63' lang='lat' dir='ltr'><strong>l</strong></span> 
     </span>
    </p>
   </div>
   <div class='ocr_carea' id='block_1_8' title="bbox 188 2904 1304 4034">
    <p class='ocr_par' dir='ltr' id='par_1_8' title="bbox 188 2904 1304 3591">
     <span class='ocr_line' id='line_1_16' title="bbox 257 2904 1304 2999; baseline 0.002 -27"><span class='ocrx_word' id='word_1_113' title='bbox 257 2904 344 2992; x_wconf 91' lang='lat' dir='ltr'><strong>tilla,</strong></span> <span class='ocrx_word' id='word_1_114' title='bbox 369 2921 404 2995; x_wconf 86' lang='lat' dir='ltr'><strong>et</strong></span> <span class='ocrx_word' id='word_1_115' title='bbox 429 2904 564 2999; x_wconf 86' lang='lat' dir='ltr'><strong>Ascylto</strong></span> <span class='ocrx_word' id='word_1_116' title='bbox 589 2907 816 2975; x_wconf 85' lang='lat' dir='ltr'><strong>embasicoetas</strong></span> <span class='ocrx_word' id='word_1_117' title='bbox 850 2905 957 2973; x_wconf 87' lang='lat' dir='ltr'><strong>detur.</strong></span> <span class='ocrx_word' id='word_1_118' title='bbox 990 2946 1033 2960; x_wconf 92' lang='lat'>-</span> <span class='ocrx_word' id='word_1_119' title='bbox 1055 2906 1106 2973; x_wconf 85' lang='lat' dir='ltr'><strong>Ab</strong></span> <span class='ocrx_word' id='word_1_120' title='bbox 1131 2904 1194 2972; x_wconf 91' lang='lat' dir='ltr'><strong>hac</strong></span> <span class='ocrx_word' id='word_1_121' title='bbox 1217 2929 1304 2974; x_wconf 86' lang='lat' dir='ltr'><strong>voce</strong></span> 
     </span>
     <span class='ocr_line' id='line_1_17' title="bbox 255 3052 1300 3146; baseline 0 -25"><span class='ocrx_word' id='word_1_122' title='bbox 255 3077 378 3146; x_wconf 86' lang='lat' dir='ltr'><strong>equum</strong></span> <span class='ocrx_word' id='word_1_123' title='bbox 392 3054 537 3122; x_wconf 84' lang='lat' dir='ltr'><strong>cinaedus</strong></span> <span class='ocrx_word' id='word_1_124' title='bbox 553 3058 715 3141; x_wconf 91' lang='lat' dir='ltr'><strong>mutavit,</strong></span> <span class='ocrx_word' id='word_1_125' title='bbox 735 3055 944 3145; x_wconf 88' lang='lat' dir='ltr'><strong>transituque</strong></span> <span class='ocrx_word' id='word_1_126' title='bbox 962 3052 1004 3120; x_wconf 91' lang='lat' dir='ltr'><strong>ad</strong></span> <span class='ocrx_word' id='word_1_127' title='bbox 1015 3053 1169 3121; x_wconf 89' lang='lat' dir='ltr'><strong>comitem</strong></span> <span class='ocrx_word' id='word_1_128' title='bbox 1185 3077 1300 3121; x_wconf 88' lang='lat' dir='ltr'><strong>meum</strong></span> 
     </span>
     <span class='ocr_line' id='line_1_18' title="bbox 255 3199 1299 3296; baseline 0.002 -28"><span class='ocrx_word' id='word_1_129' title='bbox 255 3199 361 3287; x_wconf 85' lang='lat' dir='ltr'><strong>facto,</strong></span> <span class='ocrx_word' id='word_1_130' title='bbox 382 3201 534 3272; x_wconf 92' lang='lat' dir='ltr'><strong>clunibus</strong></span> <span class='ocrx_word' id='word_1_131' title='bbox 551 3228 627 3271; x_wconf 90' lang='lat' dir='ltr'><strong>eum</strong></span> <span class='ocrx_word' id='word_1_132' title='bbox 641 3203 807 3296; x_wconf 90' lang='lat' dir='ltr'><strong>basiisque</strong></span> <span class='ocrx_word' id='word_1_133' title='bbox 822 3203 976 3271; x_wconf 91' lang='lat' dir='ltr'><strong>distrivit.</strong></span> <span class='ocrx_word' id='word_1_134' title='bbox 991 3202 1107 3271; x_wconf 86' lang='lat' dir='ltr'><strong>Stabat</strong></span> <span class='ocrx_word' id='word_1_135' title='bbox 1126 3203 1212 3270; x_wconf 89' lang='lat' dir='ltr'><strong>inter</strong></span> <span class='ocrx_word' id='word_1_136' title='bbox 1226 3203 1299 3270; x_wconf 85' lang='lat' dir='ltr'><strong>haec</strong></span> 
     </span>
     <span class='ocr_line' id='line_1_19' title="bbox 188 3316 1298 3444; baseline 0.003 -27"><span class='ocrx_word' id='word_1_137' title='bbox 188 3420 191 3426; x_wconf 71' lang='grc'><em>,</em></span> <span class='ocrx_word' id='word_1_138' title='bbox 256 3351 382 3436; x_wconf 88' lang='lat' dir='ltr'><strong>Giton,</strong></span> <span class='ocrx_word' id='word_1_139' title='bbox 401 3365 435 3417; x_wconf 89' lang='lat' dir='ltr'><strong>et</strong></span> <span class='ocrx_word' id='word_1_140' title='bbox 452 3351 521 3418; x_wconf 91' lang='lat' dir='ltr'><strong>risu</strong></span> <span class='ocrx_word' id='word_1_141' title='bbox 545 3316 744 3420; x_wconf 75' lang='lat' dir='ltr'><strong>dissolvebat</strong></span> <span class='ocrx_word' id='word_1_142' title='bbox 770 3349 826 3419; x_wconf 90' lang='lat' dir='ltr'><strong>ilia</strong></span> <span class='ocrx_word' id='word_1_143' title='bbox 845 3376 914 3419; x_wconf 88' lang='lat' dir='ltr'><strong>sua.</strong></span> <span class='ocrx_word' id='word_1_144' title='bbox 944 3353 1074 3444; x_wconf 90' lang='lat' dir='ltr'><strong>Itaque,</strong></span> <span class='ocrx_word' id='word_1_145' title='bbox 1102 3353 1298 3443; x_wconf 85' lang='lat' dir='ltr'><strong>conspicata</strong></span> 
     </span>
     <span class='ocr_line' id='line_1_20' title="bbox 255 3496 1300 3591; baseline 0.003 -27"><span class='ocrx_word' id='word_1_146' title='bbox 255 3521 330 3565; x_wconf 90' lang='lat' dir='ltr'><strong>eum</strong></span> <span class='ocrx_word' id='word_1_147' title='bbox 352 3496 535 3585; x_wconf 89' lang='lat' dir='ltr'><strong>Quartilla,</strong></span> <span class='ocrx_word' id='word_1_148' title='bbox 557 3499 651 3590; x_wconf 89' lang='lat' dir='ltr'><strong>eujus</strong></span> <span class='ocrx_word' id='word_1_149' title='bbox 670 3513 753 3566; x_wconf 87' lang='lat' dir='ltr'><strong>esset</strong></span> <span class='ocrx_word' id='word_1_150' title='bbox 774 3523 857 3591; x_wconf 90' lang='lat' dir='ltr'><strong>puer</strong></span> <span class='ocrx_word' id='word_1_151' title='bbox 880 3497 1131 3590; x_wconf 86' lang='lat' dir='ltr'><strong>diligentissima</strong></span> <span class='ocrx_word' id='word_1_152' title='bbox 1150 3499 1300 3567; x_wconf 90' lang='lat' dir='ltr'><strong>sciscita-</strong></span> 
     </span>
    </p>

    <p class='ocr_par' dir='ltr' id='par_1_9' title="bbox 252 3607 1385 4034">
     <span class='ocr_line' id='line_1_21' title="bbox 254 3615 1298 3737; baseline 0.001 -27"><span class='ocrx_word' id='word_1_153' title='bbox 254 3644 344 3711; x_wconf 91' lang='lat' dir='ltr'><strong>tione</strong></span> <span class='ocrx_word' id='word_1_154' title='bbox 351 3644 510 3737; x_wconf 70' lang='lat' dir='ltr'><strong>quaesivit.</strong></span> <span class='ocrx_word' id='word_1_155' title='bbox 522 3647 637 3732; x_wconf 86' lang='lat' dir='ltr'><strong>Quum</strong></span> <span class='ocrx_word' id='word_1_156' title='bbox 651 3669 713 3737; x_wconf 83' lang='lat' dir='ltr'><strong>ego</strong></span> <span class='ocrx_word' id='word_1_157' title='bbox 724 3645 858 3713; x_wconf 88' lang='lat' dir='ltr'><strong>fratrem</strong></span> <span class='ocrx_word' id='word_1_158' title='bbox 872 3671 982 3713; x_wconf 88' lang='lat' dir='ltr'><strong>meum</strong></span> <span class='ocrx_word' id='word_1_159' title='bbox 993 3669 1061 3713; x_wconf 92' lang='lat' dir='ltr'><strong>esse</strong></span> <span class='ocrx_word' id='word_1_160' title='bbox 1069 3615 1222 3712; x_wconf 83' lang='lat' dir='ltr'><strong>dixissem</strong></span> <span class='ocrx_word' id='word_1_161' title='bbox 1232 3687 1298 3732; x_wconf 89' lang='lat'><strong>‚-</strong></span> 
     </span>
     <span class='ocr_line' id='line_1_22' title="bbox 253 3791 1295 3886; baseline 0.005 -28"><span class='ocrx_word' id='word_1_162' title='bbox 253 3792 366 3877; x_wconf 86' lang='lat' dir='ltr'><strong>Quare</strong></span> <span class='ocrx_word' id='word_1_163' title='bbox 384 3816 481 3884; x_wconf 83' lang='lat' dir='ltr'><strong>ergo,</strong></span> <span class='ocrx_word' id='word_1_164' title='bbox 511 3794 639 3886; x_wconf 92' lang='lat' dir='ltr'><strong>inquit,</strong></span> <span class='ocrx_word' id='word_1_165' title='bbox 657 3819 795 3862; x_wconf 91' lang='lat' dir='ltr'><strong>menon</strong></span> <span class='ocrx_word' id='word_1_166' title='bbox 819 3791 982 3862; x_wconf 84' lang='lat' dir='ltr'><strong>basiavit?</strong></span> <span class='ocrx_word' id='word_1_167' title='bbox 1008 3835 1052 3850; x_wconf 91' lang='grc'><strong>--</strong></span> <span class='ocrx_word' id='word_1_168' title='bbox 1070 3795 1295 3886; x_wconf 89' lang='lat' dir='ltr'><strong>vocatumque</strong></span> 
     </span>
     <span class='ocr_line' id='line_1_23' title="bbox 252 3937 1296 4034; baseline 0.003 -28"><span class='ocrx_word' id='word_1_169' title='bbox 252 3937 295 4006; x_wconf 85' lang='lat' dir='ltr'><strong>ad</strong></span> <span class='ocrx_word' id='word_1_170' title='bbox 315 3964 349 4006; x_wconf 87' lang='lat' dir='ltr'><strong>se</strong></span> <span class='ocrx_word' id='word_1_171' title='bbox 366 3940 400 4007; x_wconf 93' lang='lat' dir='ltr'><strong>in</strong></span> <span class='ocrx_word' id='word_1_172' title='bbox 421 3938 571 4008; x_wconf 89' lang='lat' dir='ltr'><strong>osculum</strong></span> <span class='ocrx_word' id='word_1_173' title='bbox 589 3940 761 4034; x_wconf 89' lang='lat' dir='ltr'><strong>applicuit.</strong></span> <span class='ocrx_word' id='word_1_174' title='bbox 781 3945 863 4010; x_wconf 79' lang='lat' dir='ltr'><strong>Mox</strong></span> <span class='ocrx_word' id='word_1_175' title='bbox 889 3965 1025 4008; x_wconf 86' lang='lat' dir='ltr'><strong>manum</strong></span> <span class='ocrx_word' id='word_1_176' title='bbox 1043 3943 1142 4010; x_wconf 84' lang='lat' dir='ltr'><strong>etiam</strong></span> <span class='ocrx_word' id='word_1_177' title='bbox 1161 3941 1296 4010; x_wconf 90' lang='lat' dir='ltr'><strong>demisit</strong></span> 
     </span>
    </p>
   </div>
   <div class='ocr_carea' id='block_1_9' title="bbox 251 4088 1384 4182">
    <p class='ocr_par' dir='ltr' id='par_1_10' title="bbox 251 4088 1384 4182">
     <span class='ocr_line' id='line_1_24' title="bbox 251 4088 1384 4182; baseline 0.004 -28"><span class='ocrx_word' id='word_1_178' title='bbox 251 4090 288 4155; x_wconf 89' lang='lat' dir='ltr'><strong>in</strong></span> <span class='ocrx_word' id='word_1_179' title='bbox 309 4090 434 4174; x_wconf 89' lang='lat' dir='ltr'><strong>sinum,</strong></span> <span class='ocrx_word' id='word_1_180' title='bbox 452 4103 485 4155; x_wconf 90' lang='lat' dir='ltr'><strong>et</strong></span> <span class='ocrx_word' id='word_1_181' title='bbox 504 4104 671 4180; x_wconf 85' lang='lat' dir='ltr'><strong>protracto</strong></span> <span class='ocrx_word' id='word_1_182' title='bbox 689 4088 821 4157; x_wconf 87' lang='lat' dir='ltr'><strong>vasculo</strong></span> <span class='ocrx_word' id='word_1_183' title='bbox 841 4104 908 4156; x_wconf 85' lang='lat' dir='ltr'><strong>tam</strong></span> <span class='ocrx_word' id='word_1_184' title='bbox 926 4090 1019 4176; x_wconf 92' lang='lat' dir='ltr'><strong>rudi,</strong></span> <span class='ocrx_word' id='word_1_185' title='bbox 1032 4130 1076 4143; x_wconf 96' lang='lat'>-</span> <span class='ocrx_word' id='word_1_186' title='bbox 1088 4095 1158 4158; x_wconf 90' lang='lat' dir='ltr'><strong>Hoc</strong></span> <span class='ocrx_word' id='word_1_187' title='bbox 1169 4091 1296 4182; x_wconf 88' lang='lat' dir='ltr'><strong>inquit,</strong></span> <span class='ocrx_word' id='word_1_188' title='bbox 1383 4133 1384 4138; x_wconf 22' lang='grc' dir='ltr'><strong>κ</strong></span> 
     </span>
    </p>
   </div>
   <div class='ocr_carea' id='block_1_10' title="bbox 0 0 1414 4684">
    <p class='ocr_par' dir='ltr' id='par_1_11' title="bbox 0 0 1414 4684">
     <span class='ocr_line' id='line_1_25' title="bbox 0 0 1414 4684; baseline 0 4"><span class='ocrx_word' id='word_1_189' title='bbox 0 0 1414 4684; x_wconf 95' lang='lat' dir='ltr'><strong> </strong></span> 
     </span>
    </p>
   </div>
  </div>
 </body>
</html>
