2817 4684
265 365 301 419 82
347 421 352 427 ,
538 371 571 422 Τ.
593 366 772 424 PETR'ONlI
793 369 1024 426 SATYRlCON.

265 493 390 560 Gitone
405 490 477 558 solo
495 492 705 579 advertente;
726 495 783 586 qui
804 495 994 588 selquoque
1017 493 1211 561 custodibus
1234 495 1323 561 sub-

266 637 378 725 duxit,
407 651 440 704 et
467 635 551 704 clam
572 661 626 705 me
651 652 782 706 secutus
804 653 862 706 est.
888 640 935 708 Ut
965 639 1059 707 illum
1075 639 1163 727 vidi,
1182 640 1324 708 furtum

266 780 412 869 ostendi,
429 796 461 849 et
478 779 635 873 Ascylton
650 781 798 850 celeriter
809 781 900 851 adire
917 782 1141 870 decrevimus,
1157 809 1219 852 nec
1234 799 1323 851 ante

267 941 436 1021 posterum
454 925 541 995 diem
561 927 705 1019 Lycurgi
724 925 861 994 domum
882 925 975 995 licuit
994 929 1176 1020 pervenire.
1199 928 1323 1020 Ascyl-

195 1142 198 1149 ,
267 1087 326 1140 ton
356 1073 459 1164 igitur
482 1071 641 1140 accedens
668 1072 782 1164 paucis
810 1073 944 1138 narravi
963 1070 1156 1159 latrocinia,
1175 1087 1209 1140 et
1229 1097 1322 1164 quo-

266 1215 367 1284 modo
385 1215 506 1283 amoris
521 1212 704 1282 ludibrium
718 1212 894 1281 fueramus.
907 1214 1013 1284 Nobis
1027 1213 1202 1282 consilium
1220 1214 1320 1283 dedit

267 1361 412 1454 Lycurgi
426 1361 574 1427 animum
593 1361 627 1426 in
642 1360 748 1426 nostri
761 1360 903 1452 gratiam
917 1383 1080 1453 occupare
1092 1411 1101 1446 ,
1114 1374 1147 1426 et
1155 1383 1318 1446 asserere,

269 1528 390 1572 novam
406 1506 503 1596 Lyce
521 1500 738 1596 petulantiam
764 1503 972 1595 migrationis
993 1516 1113 1572 nostrae
1131 1503 1264 1572 birtivae
1283 1519 1319 1572 et

269 1648 448 1741 praecipitis
459 1671 593 1716 causam
609 1645 728 1714 fuisse:
746 1646 867 1740 quibus
884 1644 1021 1733 auditis,
1039 1649 1210 1740 Lycurgus
1219 1647 1318 1738 jura·

269 1795 336 1879 vit,
357 1818 390 1860 se
414 1791 510 1860 nobis
528 1790 685 1859 adversus
711 1791 863 1858 inimicos
881 1793 916 1858 in
936 1790 1089 1884 praesidio
1109 1816 1236 1884 semper
1264 1791 1319 1859 fu-

271 1951 394 2003 turum.
426 1939 518 2028 Fuga
543 1949 657 2003 nostra
676 1933 789 2022 latuit,
809 1932 915 2003 donec
940 1935 1127 2028 Tryphaena
1146 1936 1318 2028 Dorisque

271 2080 503 2173 expergefacta
532 2092 773 2148 surrexerunt:
796 2100 857 2145 nos
885 2080 974 2146 enim
997 2078 1040 2146 ad
1067 2104 1181 2148 earum
1211 2105 1314 2148 orna·
1398 2179 1399 2190 ἵ

178 2259 185 2279 ·
270 2243 419 2297 mentum
440 2228 644 2294 matutinum
669 2223 820 2317 quotidie
835 2224 1055 2294 urbanissime
1076 2226 1312 2296 assidebamus.
1398 2269 1399 2314 y

271 2377 386 2464 Quum
395 2400 475 2469 ergo
492 2389 611 2470 praeter
629 2398 756 2442 morem
773 2373 956 2462 defuimus,
973 2377 1079 2468 Lycas
1091 2373 1316 2468 exploratores

271 2526 382 2611 misit,
406 2539 441 2592 et
461 2525 627 2617 precipue
648 2521 691 2590 ad
710 2522 810 2590 maris
836 2520 933 2609 litus,
962 2523 1174 2614 accepitque,
1195 2547 1256 2592 uos
1270 2523 1315 2590 ad
1397 2521 1398 2570 3

271 2673 443 2766 navigium
461 2673 576 2758 ivisse,
594 2671 650 2739 sed
667 2670 709 2738 de
724 2669 901 2739 latrocinio
914 2669 1016 2758 nihil;
1029 2669 1151 2739 latebat
1167 2673 1312 2764 quippe:

272 2838 350 2888 nam
360 2821 481 2913 puppis
499 2818 634 2912 pelagus
649 2816 864 2910 respiciebat,
882 2831 915 2884 et
926 2801 1081 2910 magister
1093 2819 1128 2885 in
1143 2819 1312 2912 navigium

273 2965 423 3039 nondum
443 2946 595 3034 redierat.
607 2967 699 3057 Fuga
715 2962 859 3056 denique
876 2979 988 3032 nostra
1008 2991 1070 3058 pro
1080 2980 1170 3034 certo
1184 2967 1311 3054 habita,
1368 2949 1374 2961 ⁵

273 3130 306 3183 et
317 3116 422 3206 Lycas
439 3127 595 3206 pertaesus
609 3111 715 3204 fuge,
733 3112 768 3178 in
783 3110 929 3200 Dorida,
943 3135 1045 3203 quam
1062 3113 1222 3183 discessus
1238 3140 1313 3183 cau·
1395 3183 1396 3200 ,

273 3288 342 3332 sam
367 3263 582 3347 autumabat,
607 3261 818 3329 vehementer
845 3261 936 3330 surit
960 3264 1089 3331 Tacebo
1117 3265 1311 3352 verborum,

272 3435 431 3498 manusve
456 3411 667 3496 atrocitates,
692 3408 839 3502 singulas
864 3411 1005 3503 ignor03
1029 3411 1138 3480 dicam
1165 3427 1309 3501 tantum,

272 3560 510 3660 Tryphaenam,
543 3556 800 3649 perturbationis
828 3558 1015 3642 materiam,
1044 3561 1139 3650 Lycae
1158 3562 1310 3648 suasisse,

272 3724 310 3777 ut
324 3707 413 3802 apud
430 3710 636 3800 Lycurgum,
654 3704 820 3797 refugium
837 3703 973 3772 fortasse
993 3719 1160 3795 nostrum,
1180 3713 1311 3802 perqui-
1393 3759 1394 3772 ,

273 3873 360 3928 reret
377 3857 555 3950 fugitivos,
575 3880 674 3948 seque
695 3857 800 3948 ipsam
826 3855 980 3924 comitem
999 3854 1118 3944 voluit,
1137 3873 1176 3925 ut
1194 3876 1309 3929 contu-

274 4006 370 4075 melia
382 4030 461 4094 nos,
475 4029 537 4098 pro
551 4005 688 4091 merito,
708 4002 871 4069 obrueret.
886 4004 1021 4070 Postero
1035 4002 1089 4071 die
1102 4005 1313 4098 proficiscun-
1392 4047 1393 4083 f
