2817 4684
259 398 328 463 nu-
529 401 562 454 r.
584 377 764 456 rnrnoun
784 399 1014 455 struncon.

254 522 325 591 bris
333 521 535 616 potiunculis
547 525 744 595 risum.·Nec
752 523 862 592 adhuc
876 524 1072 609 sciebamus,
1090 546 1152 591 nos
1170 525 1205 590 in
1222 547 1298 592 me-

256 664 316 763 dio
326 662 548 753 lautitiarum,
565 666 655 759 quod
668 667 781 768 aiunt,
795 665 881 735 clivo
893 665 1052 736 laborare.
1064 661 1177 753 Nam,
1194 689 1294 734 com-

191 874 197 886 ,
255 807 480 898 mundatisad
500 808 728 902 symphoniam
747 810 882 896 mensis,
907 785 972 877 tres
990 807 1057 878 albi
1077 833 1153 900 sues
1172 809 1206 875 in
1226 809 1296 875 tri·

256 950 393 1018 clinium
418 950 552 1020 adducti
580 970 674 1041 sunt,
701 953 852 1046 capistris
876 967 910 1020 et
929 950 1162 1020 tintinnabulis
1186 950 1295 1038 culti,

256 1117 397 1185 quorum
417 1118 521 1161 unum
540 1094 666 1162 bimum
683 1093 933 1164 nomenculator
953 1118 1022 1163 esse
1040 1093 1188 1181 dicebat,
1209 1093 1295 1162 alte·
1395 1153 1396 1162 ,

255 1261 330 1304 rum
340 1238 501 1324 trimum,
525 1229 658 1306 tertiurn
675 1229 840 1331 vero'jam
862 1261 982 1307 senem.
1007 1241 1077 1332 Ego
1101 1239 1291 1332 putabam,
1395 1275 1396 1292 κ

255 1381 500 1473 petauristarios
517 1383 675 1470 intrasse,
695 1397 728 1450 et
744 1407 882 1476 porcos,
901 1385 986 1451 sicut
1003 1385 1036 1450 in
1062 1381 1194 1451 circulis
1214 1407 1291 1450 mos

255 1540 324 1610 est,
344 1539 496 1618 portenta
514 1524 624 1618 aliqua
635 1524 791 1594 factiuns.
805 1526 870 1595 Sed
882 1501 1103 1606 Trirnalchio,
1120 1541 1292 1620 exspecta-

254 1655 346 1735 tione
360 1667 524 1736 discussa:
536 1709 580 1723 -
595 1670 721 1758 Quem,
743 1669 870 1762 inquit,
888 1693 928 1738 ex
939 1671 986 1738 eis
1001 1668 1101 1738 vultis
1112 1671 1146 1737 in
1160 1693 1293 1737 ooenam

255 1813 365 1880 statim
384 1812 478 1881 lieri?
502 1805 637 1881 Gallum
657 1814 747 1881 enim
771 1811 1007 1905 gallinaceum,
1027 1780 1240 1907 phasianum,
1259 1827 1295 1880 et

254 1956 415 2048 ejusmodi
433 1958 556 2026 naenias
573 1958 688 2024 rustici
700 1955 845 2024 faciunt:
863 1958 928 2025 mei
939 1959 1010 2026 coci
1029 1958 1127 2025 etiarn
1144 1955 1292 2044 vitulos,

253 2123 337 2166 aeno
363 2113 491 2186 coctos,
512 2100 619 2169 solent
640 2099 757 2170 facere.
776 2138 825 2156 -
842 2100 1076 2194 Continuoque
1095 2124 1214 2170 cocum
1232 2125 1293 2168 vo·

255 2242 323 2309 cari
338 2240 456 2334 jussit,
481 2257 529 2328 et,
549 2267 622 2342 ‘non
643 2258 829 2338 exspectata
853 2242 1011 2346 electione
1034 2257 1163 2328 nostra,
1186 2244 1292 2338 mani-

255 2360 348 2482 muni
366 2400 446 2481 natu
459 2385 557 2478 jussit
569 2385 696 2473 occidi3
714 2403 747 2455 et
763 2386 851 2457 clara
867 2413 965 2457 voce:
986 2365 1029 2443 -ζ
1043 2391 1094 2457 Ex
1113 2402 1217 2480 quota
1236 2387 1292 2456 de-

255 2527 347 2595 curia
362 2526 418 2596 es?
433 2567 477 2581 -
487 2527 607 2622 Quum,
618 2525 691 2616 ille,
710 2553 749 2596 ex
767 2527 1034 2621 quadragesima,
1051 2530 1289 2623 respondisset:
1396 2515 1397 2578 Ῠ

189 2659 197 2692 ”
255 2709 302 2722 --
316 2670 490 2756 Emtitins,
510 2694 571 2757 an,
588 2671 717 2763 inquit,
735 2671 824 2740 domi
845 2687 942 2740 natus
968 2671 1023 2741 es?
1041 2711 1085 2728 -
1102 2675 1290 2762 Neutrum,

256 2814 365 2906 inquit
381 2838 495 2902 cocus,
513 2814 569 2883 sed
580 2829 774 2884 testamento
788 2819 902 2884 Pansae
913 2816 973 2884 tibi
992 2813 1125 2885 refictns
1145 2841 1230 2885 sum.
1246 2859 1289 2874 -

254 2949 341 3043 Vide
359 2981 453 3050 ergo,
473 2959 534 3042 ait,
556 2973 593 3026 nt
609 2957 783 3051 diligenter
808 2983 929 3052 ponas3
952 2960 1087 3047 sinon,
1110 2974 1142 3028 te
1162 2960 1289 3053 jubebo

254 3100 293 3166 in
316 3099 484 3180 decuriam
509 3098 695 3168 villicorum
724 3101 853 3193 conjici.
877 3143 921 3157 -
946 3103 989 3170 Et
1008 3102 1142 3194 quidem
1167 3127 1287 3189 cocus,

253 3242 409 3344 potentiae
428 3241 632 3329 admonitus,
654 3246 688 3312 in
706 3243 849 3312 culinam
866 3245 1042 3318 obsonium
1058 3245 1162 3315 duxit.
