2817 4684
238 351 295 407 238
513 352 547 407 T.
567 351 751 407 PETRONH
771 349 993 405 SATYRICON.

237 481 459 571 oxycomitra,
480 477 568 547 unde
593 477 731 571 quidam
750 479 848 546 etiam
866 476 1061 569 improbiter
1082 500 1143 543 nos
1161 500 1280 568 pugno

239 623 465 692 sustulerunt:
484 647 563 691 nam
581 647 694 717 pernae
709 623 899 701 missionem
917 620 1078 689 dedimus.

577 946 743 1013 CAPUT
772 946 931 1013 LXVII.

241 1161 243 1166 ’
290 1160 354 1229 Sed
372 1182 470 1229 narra
484 1160 586 1247 mihi,
605 1163 687 1248 Gai,
702 1184 804 1253 rogo,
820 1164 1002 1229 Fortunata
1019 1184 1121 1252 quare
1138 1184 1208 1227 non
1226 1183 1284 1225 re·
1395 1238 1396 1245 ἵ

239 1306 386 1375 cumbit?
406 1347 449 1361 -
464 1305 672 1395 Quomodo?
687 1308 776 1375 nosti
798 1304 909 1393 illam,
928 1307 1039 1398 inquit
1057 1303 1285 1386 Trimalchi03

242 1452 306 1518 nisi
325 1464 499 1541 argentum
516 1449 758 1544 composuerit,
775 1449 840 1517 nisi
861 1446 1017 1542 reliquias
1035 1448 1147 1541 pueris
1164 1447 1289 1514 divise·

242 1598 306 1684 rit,
326 1622 447 1691 aquam
468 1597 502 1663 in
514 1621 664 1664 ossuum
678 1619 747 1663 non
762 1594 927 1686 conjiciet.
943 1634 992 1645 —
1008 1594 1129 1686 Atqui,
1145 1616 1289 1685 respon·
1395 1586 1396 1593 '

242 1742 292 1809 dit
309 1741 495 1827 Habinnas,
518 1741 582 1808 nisi
606 1738 662 1809 illa
680 1738 878 1826 discumbit,
905 1762 967 1830 ego
985 1761 1038 1807 me
1054 1734 1215 1832 apoculo;
1233 1776 1287 1786 -
1395 1778 1396 1801 i

242 1901 274 1953 et
293 1900 438 1980 coeperat
457 1909 611 1977 surgere,
632 1885 718 1971 nisi,
737 1886 834 1977 signo
853 1882 948 1971 dato,
967 1886 1150 1951 Fortunata
1166 1896 1289 1975 quater

244 2029 385 2123 amplius
403 2055 423 2097 a
441 2044 509 2097 tota
531 2027 655 2098 familia
670 2044 756 2096 esset
773 2042 900 2097 vocata.
920 2028 1023 2097 Venit
1051 2052 1130 2120 ergo
1148 2026 1289 2119 galbino
1395 2030 1396 2047 ³

244 2175 412 2242 succincta
424 2170 577 2265 cingillo,
596 2174 641 2240 ita
654 2186 692 2240 ut
704 2172 793 2241 infra
803 2173 952 2241 cerasina
962 2187 1138 2266 appareret
1154 2174 1288 2258 tunica,

203 2344 206 2349 ·
245 2330 278 2382 et
294 2312 501 2409 periscelides
514 2327 625 2399 tortae,
645 2313 877 2408 phoecasiaque
894 2316 1056 2384 inaurata.
1077 2317 1173 2383 Tunc
1190 2314 1291 2383 suda·
1395 2302 1396 2345 ³

246 2460 298 2527 rio
317 2482 435 2525 manus
453 2472 599 2549 tergens,
619 2456 711 2549 quod
737 2458 772 2523 in
794 2455 880 2525 collo
900 2457 1059 2545 habebat,
1078 2456 1224 2552 applicat
1253 2483 1289 2525 se

246 2602 294 2671 illi
314 2618 403 2690 toro,
427 2604 463 2669 in
481 2627 548 2695 quo
567 2599 718 2671 Scintilla
742 2602 905 2671 Habinnae
923 2600 1152 2670 discumbebat
1177 2627 1284 2687 uxor,
1395 2580 1396 2631 l

244 2747 457 2839 osculataque
475 2745 706 2841 plaudentem,
726 2786 770 2799 -
783 2749 844 2815 Est
868 2760 917 2831 te,
937 2748 1065 2839 inquit,
1081 2745 1222 2814 videre?
1240 2787 1283 2799 -

246 2896 296 2962 Eo
315 2891 434 2961 deinde
452 2904 647 2985 perventum
671 2905 741 2973 est,
763 2905 800 2958 ut
825 2892 1008 2961 Fortunata
1038 2887 1183 2958 armillas
1211 2914 1284 2957 suas
1395 2938 1396 2969 ᾗ

246 3036 454 3103 crassissimis
490 3032 677 3102 detraheret
708 3031 862 3121 lacertis,
893 3032 1117 3126 Scintillaeque
1147 3035 1281 3101 miranti
1389 3020 1393 3035 ⁸

247 3171 444 3241 ostenderet.
464 3169 591 3241 Ultimo
612 3187 644 3239 et
658 3171 864 3265 periscelides
886 3172 1036 3260 resolvit,
1055 3188 1088 3241 et
1107 3172 1282 3241 reticulum

245 3336 400 3398 aureum,
414 3336 513 3404 quem
527 3329 568 3380 e'x
583 3311 721 3379 obrussa
736 3335 806 3378 esse
822 3310 961 3379 dicebat.
978 3312 1113 3380 Notavit
1129 3310 1200 3378 haec
1212 3313 1283 3379 Tri-

157 3516 161 3522 .
246 3446 414 3535 malchio,
434 3446 598 3541 jussitque
624 3446 736 3515 afferri
758 3448 895 3533 omnia;
920 3462 980 3516 et:
1000 3448 1207 3533 -Videtis,
1232 3450 1281 3517 in÷
1395 3460 1396 3527 ζ

246 3588 335 3679 quit,
352 3584 499 3656 mulieris
513 3582 703 3680 compedes!
717 3587 772 3655 Sic
784 3610 845 3653 nos
860 3585 964 3657 baceli
977 3584 1209 3682 despoliamur.
1220 3590 1283 3655 Sex

247 3722 360 3819 pondo
374 3739 407 3792 et
424 3722 578 3793 selibram
592 3724 690 3793 debet
704 3724 840 3808 habere,
861 3726 976 3820 etipse
995 3723 1211 3792 nihilominus
1228 3724 1284 3791 ha-

248 3863 311 3930 beo
327 3861 439 3931 decem
466 3863 579 3956 pondo
601 3862 785 3950 armillam,
805 3888 845 3931 ex
860 3861 1040 3930 millesimis
1061 3864 1219 3930 Mercurii
1236 3862 1283 3929 fa·

246 4014 343 4069 ctam.
362 4043 408 4051 —-
423 3999 550 4069 Ultimo
569 4004 685 4089 etiam,
705 4027 747 4069 ne
765 4002 898 4069 mentiri
924 3999 1105 4087 videretur,
1126 4014 1282 4068 stateram
1395 4046 1396 4059 η
