2817 4684
259 382 315 440 104
469 348 471 353 ’
533 375 1013 434 r.raruou11sarrmcoa.

256 527 330 570 mus
346 501 429 570 duas
447 500 600 571 mulieres
617 501 752 572 stolatas
777 500 868 570 haud
893 502 1082 588 indecores,
1106 526 1190 594 quas
1211 501 1305 570 lento
1383 587 1384 602 χ

256 645 485 737 gradu-secuti
504 670 616 714 sumus
636 670 743 739 usque
762 645 805 714 ad
826 644 998 731 sacellum,
1025 644 1118 737 quod
1145 646 1305 738 ingressa

258 802 354 876 sunt,
370 802 402 855 et
420 788 508 856 unde
525 814 678 857 murmur
695 788 886 875 insolitum,
906 789 1001 881 quasi
1022 813 1119 857 voces
1146 814 1186 870 ex
1213 791 1322 857 antri.
1383 811 1384 828 ¹

258 933 482 1026 penetralibus
493 933 931 1026 erumpentes,audivimus.
947 935 1131 1002 Curiositas
1145 931 1304 1002 sacellum
1383 987 1384 1034 ,

258 1079 383 1146 intrare
397 1068 497 1146 etiam
516 1103 578 1146 nos
602 1077 753 1171 impulit,
771 1079 884 1172 ibique
908 1077 1112 1172 complures,
1135 1079 1305 1146 Bacchan·

258 1223 343 1289 tium
354 1220 641 1310 instar,mulieres
653 1222 905 1314 vidimus,quae
918 1223 951 1289 in
968 1247 1070 1290 manu
1084 1221 1200 1290 dextra
1211 1225 1305 1290 Pria·
1383 1289 1384 1314 ἓ

259 1367 356 1459 pinos
370 1365 551 1434 fascinosos
564 1366 748 1459 gestabant.
768 1365 848 1436 Plus
858 1365 971 1435 videre
987 1391 1055 1433 non
1066 1364 1177 1434 licuit:
1202 1391 1303 1453 nam,

259 1522 297 1574 ut
310 1533 372 1575 nos
387 1507 708 1596 animadverterunt,
729 1522 797 1576 tam
816 1531 976 1600 magnum
996 1507 1173 1578 clamorem
1196 1509 1306 1578 sustu·

260 1649 343 1739 lere,
362 1666 399 1743 ut
417 1653 626 1720 intremuerit
640 1650 754 1745 templi
774 1675 920 1742 camera,
940 1665 975 1720 et
992 1676 1053 1719 nos
1067 1654 1236 1745 corripere
1254 1677 1306 1720 oo

259 1809 345 1862 natae
365 1809 464 1864 sunt:
487 1794 544 1862 sed
561 1793 719 1862 velociter
738 1794 780 1862 ad
797 1794 1015 1863 diversorium
1033 1793 1276 1892 confugimus]

633 2338 797 2404 CAPUT
830 2341 931 2406 XVI.

308 2546 374 2616 Sed
394 2563 430 2615 ut
447 2551 592 2641 primum
611 2550 772 2620 beneficio
791 2553 925 2621 Gitonis
938 2567 1130 2645 'praeparata
1156 2577 1217 2620 nos
1244 2553 1306 2618 im-

261 2699 424 2793 plevimus
442 2725 551 2787 coena,
577 2703 699 2769 ostium
718 2702 796 2768 satis
819 2699 937 2768 audaci
961 2703 1104 2794 strepitu
1123 2701 1304 2795 impulsum

261 2851 424 2918 exsonuit.
433 2849 548 2936 Quum
556 2851 620 2943 ipsi
628 2847 835 2943 ergo‘pallidi
845 2873 1036 2942 rogaremus
1044 2891 1091 2903 -
1100 2826 1186 2939 Quis
1199 2849 1306 2918 esset?

262 3037 306 3058 -.
322 3000 442 3091 Aperi,
464 3000 589 3091 inquit,
604 2999 673 3090 jam
686 3000 777 3066 scies.
791 3039 838 3052 --
852 3001 1010 3092 Dumque
1026 2998 1217 3092 loquimur,
1235 3023 1307 3066 sera

263 3171 323 3213 sua
341 3161 459 3239 sponte
478 3146 610 3241 delapsa
627 3147 765 3233 cecidit,
783 3147 992 3239 remissaeque
1010 3147 1122 3215 subito
1142 3147 1230 3215 iores
1248 3148 1306 3215 ad·

261 3295 424 3362 miserunt
444 3297 634 3363 intrantem.
655 3293 779 3363 Mulier
807 3309 917 3362 autem
939 3309 1010 3362 erat
1035 3310 1153 3388 operto
1177 3296 1305 3389 capite,

262 3440 317 3510 illa
340 3443 465 3512 scilicet
490 3468 564 3535 quae
587 3441 688 3538 paulo
711 3457 788 3512 aute
819 3468 896 3512 cum
921 3445 1045 3512 rustico
1074 3457 1229 3530 steterat3
1249 3458 1305 3511 et:

263 3593 373 3659 -Me
393 3591 557 3679 derisisse,
575 3593 699 3684 inquit,
720 3612 779 3658 vos
797 3591 985 3684 putabatis?
1002 3594 1074 3683 Ego
1094 3617 1167 3660 sum
1186 3590 1307 3660 ancilla

261 3738 460 3828 Quartillae,
496 3741 590 3832 cujus
623 3764 683 3807 vos
721 3765 813 3807 sacra
842 3753 920 3807 ante
955 3754 1104 3832 cryptam
1138 3740 1302 3808 turbastis

262 3888 347 3952 Ecce
359 3887 430 3979 ipsa
450 3887 541 3954 veuit
554 3885 598 3954 ad
609 3884 793 3974 stabulum,
807 3887 955 3979 petitque
976 3900 1013 3954 ut
1024 3886 1197 3956 vobiscum
1213 3886 1305 3955 licoat

262 4032 372 4124 loqui:
394 4033 497 4102 nolite
516 4033 726 4127 perturbari3
746 4057 807 4102 nec
824 4047 959 4104 accusat
978 4058 1124 4104 errorem
1140 4051 1304 4122 vestrum,
