2817 4684
269 386 322 452 164
542 389 575 440 Τ.
595 387 781 444 PETRONH
804 384 1027 444 SATYRICON.

265 516 352 582 Puer
364 511 505 580 detraxit
523 509 647 605 pileum
663 537 757 606 apro,
775 513 942 606 capitique
956 536 1016 579 suo
1036 513 1204 604 imposuit.
1221 514 1302 580 Tum

265 661 293 725 T
294 655 467 725 rimalchio
481 680 595 723 rursus
608 655 747 748 adjecit:
761 657 887 725 -Non
906 654 1078 746 negabitis,
1096 679 1160 738 me,
1177 656 1303 746 inquit,

265 803 386 873 babere
409 803 567 871 Liberum
587 816 725 895 patrem.
745 841 792 854 -·
806 793 995 869 Laudamus
1019 798 1145 868 dictum
1166 801 1305 870 Trimal-

266 944 411 1031 chionis,
428 958 462 1012 et
474 944 734 1011 circumeuntem
746 966 886 1036 puerum
903 965 982 1009 sane
997 941 1235 1033 perbasiamus.
1256 943 1305 1010 Ab
1373 1009 1376 1018 ,

266 1088 331 1156 hoc
348 1084 474 1192 ferculo
488 1085 693 1156 Trimalchio
708 1085 750 1154 ad
768 1084 917 1154 lasanum
936 1086 1088 1152 surrexit.
1116 1088 1187 1154 Nos
1205 1084 1304 1154 liber·

266 1246 367 1300 tatem
386 1232 456 1298 sine
471 1194 614 1324 tyranno
633 1231 740 1315 nacti,
758 1230 916 1321 coepimus
934 1230 1074 1297 invitare
1090 1231 1304 1298 convivarum

268 1401 444 1446 sermones.
456 1373 587 1446 Clamat
603 1376 714 1465 itaque
732 1374 869 1467 primus,
889 1399 964 1440 cum
979 1377 1115 1442 Patrem
1134 1375 1230 1442 acina
1250 1401 1305 1468 po-

268 1501 501 1614 poscissets-
517 1520 597 1587 Dies
608 1489 757 1609 ,linquit,
776 1506 860 1586 nihil
875 1531 940 1604 est;
954 1517 1034 1598 dum
1047 1543 1155 1586 versas
1172 1533 1224 1605 te,
1244 1545 1307 1588 nox

213 1678 218 1757 ξ
267 1663 323 1732 fit:
342 1664 454 1756 itaque
472 1660 556 1731 nihil
575 1676 625 1730 est
645 1659 782 1747 melius,
800 1686 900 1753 quam
924 1661 966 1730 de
983 1660 1136 1730 cubiculo
1157 1678 1246 1731 recta
1271 1667 1303 1730 in

138 1906 140 1909 Ι
212 1762 218 1906 l
268 1805 450 1876 triclinium
471 1807 529 1874 ire.
558 1806 614 1873 Sic
638 1805 789 1873 nondum
809 1805 914 1897 frigus
933 1804 1130 1893 habuimus,
1156 1832 1218 1878 nec
1248 1834 1304 1876 nos

268 1951 406 2021 balneus
419 1921 565 2037 calfecit3
583 1965 693 2019 tamen
710 1948 805 2018 calda
822 1951 915 2043 potio
929 1952 1101 2020 vestiarius
1120 1966 1179 2020 est.
1201 1953 1305 2022 Stam-

270 2099 376 2166 niatas
393 2095 495 2180 duxi,
518 2109 551 2164 et
567 2092 665 2188 plane
689 2107 798 2165 matus
816 2117 912 2180 sum;
939 2093 1036 2162 vinus
1057 2094 1139 2164 mihi
1165 2095 1201 2162 in
1221 2121 1305 2165 cere·

270 2240 368 2309 brum
389 2237 481 2308 abiit.

628 3376 796 3443 CAPUT
827 3377 950 3444 XLII.

315 3611 452 3704 Excepit
488 3607 642 3679 Seleucus
675 3609 795 3678 fabulae
825 3626 971 3705 partem:
995 3653 1037 3667 -
1060 3615 1102 3681 Et
1138 3637 1220 3706 ego,
1255 3615 1304 3680 in-

269 3753 360 3844 quit,
378 3777 448 3822 non
469 3751 618 3846 quotidie
634 3750 743 3837 lavor3
763 3751 905 3822 baliscus
920 3756 1009 3822 enim
1035 3752 1116 3823 fullo
1133 3770 1192 3824 est.
1211 3761 1304 3850 Aqua

268 3895 383 3966 dentes
398 3895 518 3983 habet,
537 3912 571 3966 et
587 3919 709 3990 corpus
721 3859 873 3993 nostium
886 3899 1035 3990 quotidie
1048 3897 1218 3992 liquescit3
1233 3900 1303 3985 sed,

268 4068 373 4138 quum
382 4041 481 4112 mulsi
491 4040 673 4136 pultarium
682 4039 949 4134 obduxi‚frigori
966 4037 1123 4132 λακάζειν
1134 4044 1220 4114 dico.
1239 4048 1304 4114 Nec
