2817 4684
258 363 311 420 192
527 343 561 400 T.
582 342 766 429 PETRONH
786 345 1010 404 SATYRICON.

256 470 394 556 diecret,
409 470 471 538 sibi
483 493 560 538 vasa
574 470 739 539 Corintho
752 471 874 539 afferri.
888 471 952 541 Sed
967 469 1022 540 itte
1033 470 1168 540 melius:
1190 513 1234 526 -
1248 473 1291 540 Et

256 613 410 693 forsitan,
426 612 553 704 inquit,
568 612 703 704 quaeris,
719 637 820 705 quare
842 612 930 682 solus
945 613 1110 682 corinthia
1126 638 1205 682 vera
1219 639 1294 707 pos·

255 755 399 824 sideam?
417 755 506 844 Quia
529 753 654 823 scilieet
678 756 828 842 serarius,
855 779 874 822 a
900 781 967 848 quo
985 781 1075 841 emo,
1105 757 1291 827 Corinthus

253 913 405 984 vocatur3
433 897 514 991 quid
535 911 584 966 est
602 912 712 966 autem
736 899 957 986 corinthium,
980 900 1044 966 nisi
1069 901 1143 992 quis
1170 873 1294 970 Corinss

253 1043 349 1110 thum
365 1039 508 1109 habeat?
529 1045 587 1127 Et,
610 1064 652 1108 ne
669 1064 723 1107 me
746 1041 867 1133 putetis
886 1043 1058 1136 nesapium
1071 1067 1167 1128 esse,
1193 1042 1290 1113 valde

253 1185 337 1253 bene
346 1184 433 1270 seio,
445 1181 533 1250 unde
546 1182 691 1274 primum
700 1181 866 1250 corinthia
881 1197 958 1251 nata
972 1185 1048 1252 sint.
1060 1185 1175 1273 Quum
1189 1186 1293 1255 Ilium

253 1340 387 1418 captum
406 1339 471 1408 est,
490 1321 653 1409 Annibal,
679 1322 780 1392 homo
806 1323 917 1414 vafer,
944 1339 977 1392 et
1000 1350 1138 1419 magnus
1168 1327 1290 1415 scelio,

253 1494 367 1559 omnes
383 1483 506 1536 statuas
522 1490 643 1554 feneas,
665 1481 699 1536 et
715 1492 849 1554 aureas,
875 1482 908 1536 et
930 1484 1100 1561 argenteas
1122 1472 1158 1538 in
1183 1496 1290 1540 unum

255 1634 373 1703 rogum
380 1609 560 1701 congessit,
571 1621 605 1676 et
623 1632 678 1676 ees
691 1608 855 1695 incendit3
866 1606 952 1677 facta
965 1625 1046 1678 sunt
1060 1611 1095 1678 in
1106 1637 1212 1680 unum
1224 1638 1287 1682 aere

252 1751 468 1842 miscellanea.
485 1754 537 1819 Ita
552 1776 593 1818 ex
608 1751 671 1819 heo
683 1774 789 1820 messa
807 1751 892 1820 fabri
910 1752 1130 1838 sustulerunt,
1150 1770 1183 1823 et
1202 1755 1287 1825 fece-

250 1912 330 1965 runt
343 1893 453 1963 catilla
471 1907 504 1961 et
520 1893 710 1987 parapsides
731 1892 929 1962 statuncula.
948 1895 1002 1962 Sic
1024 1897 1190 1965 corinthia
1209 1914 1288 1967 nata

251 2053 346 2124 sunt,
364 2062 404 2105 ex
421 2034 575 2103 omnibus
590 2058 714 2136 unum,
732 2060 793 2103 nec
808 2035 887 2122 hoo,
910 2061 970 2106 neo
987 2036 1088 2122 illud,
1105 2042 1287 2131 Ignoscetis

251 2182 351 2267 mihi,
373 2179 463 2272 quod
482 2179 613 2247 dixero:
628 2203 690 2271 ego
710 2178 798 2246 malo
810 2178 893 2246 mihi
914 2182 1037 2263 vitrea3
1056 2185 1137 2252 certi
1155 2184 1286 2254 nolunt.

248 2323 350 2412 Quod
367 2324 394 2390 si
408 2347 476 2389 non
497 2320 748 2413 frangerentur,
768 2318 898 2390 mallem
913 2323 1015 2413 mihi,
1029 2349 1129 2417 quam
1146 2350 1286 2416 aurum3
1389 2311 1390 2316 ἵ

251 2492 341 2538 nunc
357 2481 467 2534 autem
486 2465 562 2533 vilia
579 2480 666 2534 sunt.

629 3187 896 3286 utrunsnl.

294 3435 371 3502 Fuit
387 3448 497 3502 tamen
511 3432 622 3522 faber,
638 3436 695 3526 qui
708 3432 784 3503 fecit
798 3434 943 3528 phialam
951 3436 1107 3520 vitream,
1125 3457 1199 3525 quoe
1214 3457 1284 3499 non

245 3569 472 3662 frangebatur,
489 3570 659 3639 Admissus
681 3596 761 3664 ergo
782 3575 943 3642 Caesarem
962 3585 1011 3638 est
1030 3595 1107 3638 cum
1125 3591 1187 3636 suo
1211 3593 1284 3635 mu-
1383 3645 1384 3666 ἶ

228 3731 338 3793 ,nere3
356 3706 474 3775 deinde
491 3706 568 3774 fecit
585 3709 789 3800 reporrigere
806 3711 984 3794 Caesarem,
1008 3723 1041 3774 et
1061 3699 1151 3775 illam
1168 3703 1203 3772 in
1224 3728 1286 3797 pa·

159 3928 164 3934 ¹
244 3843 427 3931 vimentum
443 3843 595 3936 projecit.
611 3844 722 3912 Caesar
743 3867 810 3911 non
831 3857 908 3936 pote
924 3841 1083 3927 validius,
1104 3865 1282 3935 quamex-
1382 3841 1383 3850 ’

204 3955 208 3961 ’
245 3981 389 4073 paverit;
407 3993 441 4048 at
464 3977 520 4047 ille
542 3978 675 4047 sustulit
699 3981 844 4074 phialam
867 3981 909 4050 de
935 3996 1040 4049 terre:
1059 3977 1171 4048 collisa
1189 3991 1283 4062 erat,
