2817 4684
266 311 323 383 ao·
541 330 574 384 r.
597 327 780 386 arraona
800 329 1022 386 sirrmcon.

267 453 360 523 illum
375 475 576 548 exceperam.
585 459 629 524 At
644 453 763 524 mulier
779 454 1047 548 prudmtissima,
1056 468 1147 524 -et
1157 479 1255 526 nunc
1271 457 1329 522 in-

266 599 365 698 genio
377 597 538 667 utendum
554 613 617 686 est,
634 599 760 692 inquit;
773 599 1079 693 -secundumque
1091 597 1163 690 ejus
1172 598 1326 667 consilia

270 742 369 810 nnius
387 743 553 811 concessio
574 737 652 830 fuit,
681 757 716 811 et
729 744 891 838 possessio
908 741 1052 811 alterius.
1073 744 1213 812 Interim
1231 741 1324 812 dum

267 887 400 956 attritus
419 853 523 990 flimn
538 888 625 955 vires
643 886 768 974 reficit,
782 887 968 983 Tryphaena
984 887 1028 956 ad
1048 913 1102 958 me
1117 885 1235 975 rediit,
1258 889 1324 958 sed

266 1029 418 1125 repulsa,
443 1056 484 1100 ex
504 1055 617 1101 amore
642 1031 678 1100 in
699 1031 826 1101 rabiem
843 1030 981 1102 efferata
998 1048 1059 1102 est.
1083 1032 1213 1102 Ardens
1231 1059 1323 1128 ergo

268 1173 447 1243 secutuleia
466 1195 576 1242 meum
594 1195 671 1243 cum
688 1189 833 1268 utroque
846 1176 989 1270 conjuge
1005 1176 1243 1246 commercium
1255 1178 1320 1246 de·

266 1321 359 1388 texit.
379 1317 599 1388 Petulantium
614 1344 692 1414 erga
709 1345 762 1389 me
779 1321 907 1409 mariti,
920 1319 1006 1389 nihil
1017 1319 1080 1388 sibi
1091 1320 1320 1410 auferentem,

268 1463 402 1556 sprevit.
429 1461 567 1533 Doridis
597 1476 710 1558 autem
737 1460 878 1533 furtivos
909 1487 1038 1532 amores
1065 1487 1220 1556 aggressa
1244 1479 1320 1550 est,

270 1607 465 1699 notavitque
491 1610 604 1700 Lycae,
633 1608 690 1700 qui
707 1630 855 1675 amorem
872 1604 1036 1701 zelotypia
1066 1621 1247 1701 superante
1271 1608 1320 1676 ad

267 1749 428 1820 ultionem
454 1749 609 1820 decurrit.
630 1753 674 1820 At
692 1751 813 1838 Doris,
839 1747 960 1819 ancilla
981 1751 1177 1845 Tryphaenae
1198 1751 1321 1819 admo-

268 1897 364 1982 nita,
393 1910 431 1963 ut
466 1892 646 1990 procellam
677 1906 864 1980 averteret,
888 1919 907 1962 a
936 1908 1060 1963 secreta
1089 1893 1317 1964 familiaritate

220 2030 223 2034 ⁵
266 2040 438 2108 abstinuit.
469 2044 548 2108 llaec
575 2054 613 2108 ut
637 2036 805 2127 intellexi,
825 2040 1019 2134 Tryphaenae
1040 2041 1235 2135 perfidiam,
1259 2044 1315 2110 in-

265 2205 464 2283 gratumque
479 2190 628 2258 animum
650 2191 747 2282 Lyca
774 2205 980 2276 exsecratus,
1002 2191 1147 2260 abeundi
1170 2191 1314 2261 formavi
1401 2202 1402 2237 r

266 2337 462 2425 consilium;
482 2350 516 2406 et
533 2335 616 2406 favit
635 2339 808 2406 Fortuna:
835 2338 943 2439 pridie
968 2339 1057 2407 enim
1078 2365 1209 2408 sacrum
1229 2341 1313 2410 Isidi

266 2489 457 2581 navigium,
475 2487 642 2556 manubiis
658 2502 851 2575 oneratum,
870 2489 989 2556 vicinis
1001 2487 1145 2583 scopulis
1156 2488 1312 2560 alliserat.

266 2634 415 2706 Consilio
432 2636 535 2729 igitur
546 2659 623 2704 cuin
639 2636 764 2705 Gitone
779 2634 915 2723 habito,
936 2635 1076 2705 libenter
1089 2635 1145 2705 ille
1159 2661 1312 2706 assensus

265 2799 334 2872 est,
363 2785 441 2878 quia
465 2783 653 2879 Tryphaena
679 2783 876 2853 exhaustum
894 2809 971 2852 eum
992 2783 1158 2878 negligere
1175 2784 1311 2854 videba-

265 2945 330 3000 tur.
351 2930 461 3012 Multo
480 2955 578 3000 mane
598 2955 677 3025 ergo
702 2930 746 2999 ad
771 2956 862 3000 mare
885 2932 1137 3025 proficiscimur,
1157 2949 1191 3002 et
1219 2936 1311 3003 navi-

263 3082 356 3185 gium
375 3078 627 3148 conscendimus
644 3104 683 3148 eo
702 3077 851 3167 facilius,
872 3080 964 3172 quod
980 3081 1195 3170 custodibus,
1214 3086 1310 3176 Lyce

262 3231 442 3316 ministris,
462 3230 534 3298 noti
551 3253 691 3298 eramus.
721 3201 787 3298 sed
802 3253 906 3321 quum
924 3255 985 3298 nos
1002 3232 1162 3300 comitatu
1182 3257 1309 3329 semper

263 3383 484 3462 honorarent,
503 3405 564 3448 nec
584 3377 658 3448 ideo
680 3379 777 3448 nobis
803 3379 974 3474 praedandi
1004 3379 1095 3485 locus
1123 3398 1224 3470 esset,
1250 3387 1308 3452 Gi·
1398 3372 1399 3379 ἵ

265 3547 344 3600 tone
358 3530 493 3599 cumeis
507 3527 642 3616 relicto,
658 3542 849 3623 opportune
859 3554 913 3597 me
922 3528 1081 3617 subduxi,
1096 3531 1310 3626 subrepsique

267 3683 301 3751 in
322 3681 479 3775 puppim,
496 3677 553 3747 ubi
572 3680 669 3749 Isidis
686 3679 899 3749 simulacrum
917 3693 1003 3768 erat,
1023 3681 1114 3774 quod
1133 3697 1223 3751 veste
1235 3708 1308 3776 pre-

267 3831 369 3919 tiosa,
389 3831 553 3926 sistroque
575 3844 734 3924 argenteo
758 3826 919 3923 spoliavi,
945 3842 979 3897 et
1003 3825 1084 3898 alias
1103 3809 1309 3900 manubiase

266 3977 363 4053 diaeta
386 3979 535 4070 magistri
562 3974 697 4064 sustuli,
722 3975 903 4068 furtimque
920 3974 1075 4046 descendi
1095 4003 1155 4071 pcr
1180 3978 1308 4068 funem,
