2817 4684
252 408 290 465 86
525 409 557 464 Τ.
580 409 763 464 PETRONII
783 409 1006 466 SATYRICON.

253 535 414 622 traderet,
425 536 495 626 jam
508 533 686 624 meditans,
699 539 796 630 Lycae
809 537 989 629 persuasit,
1006 549 1043 603 ut
1059 534 1221 604 auxilium
1231 539 1294 603 iret
1391 523 1392 526 ¹

253 679 447 769 quaesitum,
464 675 544 743 dum
564 678 685 770 ipsein
704 675 784 744 villa
804 701 865 744 nos
881 674 976 744 daret
992 676 1237 744 custodiendos
1256 680 1294 743 ln

252 819 364 888 villam
382 821 491 907 venit,
511 822 685 914 primaque
698 820 808 888 fronte
825 846 885 889 nos
898 822 1044 914 excepit,
1058 835 1096 888 ut
1106 823 1213 914 Lycas
1226 823 1296 914 ipse

252 965 449 1056 excepisset,
479 952 524 1031 et'
540 979 738 1058 postquam,
768 964 921 1032 manibus
950 965 1038 1032 inter
1059 989 1094 1032 sc
1120 965 1294 1049 contritis,

252 1119 403 1173 nostrum
430 1107 465 1174 in
478 1103 615 1200 ¹Lycam
641 1107 850 1176 mendacium
875 1107 1105 1201 exprobravit,
1137 1108 1172 1175 in
1192 1105 1294 1193 cella,

251 1251 317 1342 qua
336 1249 642 1338 discumbebamus,
670 1251 803 1346 Ascylto
827 1251 974 1340 excluso,
994 1277 1055 1320 nos
1076 1251 1200 1320 includi
1224 1253 1296 1344 jus·
1362 1307 1364 1312 ,

146 1460 149 1467 ,
250 1394 312 1480 sit,
331 1390 503 1485 noluitque
523 1395 623 1462 etiam
642 1392 690 1462 illi
718 1396 752 1462 in
771 1393 992 1464 defensionem
1014 1410 1170 1468 nostram
1198 1421 1296 1464 aures

250 1535 411 1628 praebere,
429 1550 462 1605 et
479 1551 593 1629 postea
611 1537 768 1631 Ascylton
793 1564 903 1608 secum
935 1499 1101 1608 abducens
1121 1543 1156 1608 in
1177 1541 1295 1609 castel·
1392 1587 1393 1594 κ

250 1679 339 1768 lum,
357 1680 569 1770 custodibus,
593 1705 698 1775 usque
723 1683 766 1750 ad
784 1684 944 1771 reditum,
971 1707 1032 1752 nos
1060 1684 1206 1757 tradidit.
1226 1689 1296 1753 Iter

250 1822 374 1892 faciens
389 1826 555 1895 incassum
571 1826 721 1920 Ascyltos
731 1829 875 1924 Lycurgi
889 1827 1037 1896 animum
1051 1842 1157 1896 tentat
1172 1827 1295 1896 affran-

250 1992 349 2061 gere:
366 1968 450 2037 nihil
470 1995 600 2063 preces,
618 1971 702 2039 nihil
722 1995 826 2057 amor,
846 1970 929 2039 nihil
950 1970 1101 2065 lacrymae
1119 1997 1296 2066 promove-

251 2127 341 2181 runt.
356 2116 463 2182 Fratri
481 2138 561 2208 ergo
583 2118 619 2183 in
638 2130 783 2184 mentem
804 2117 910 2203 venit,
930 2139 991 2184 nos
1008 2141 1029 2184 a
1047 2116 1189 2184 vinculis
1211 2116 1293 2185 libe-

250 2283 343 2327 rare:
362 2274 395 2328 et
415 2275 518 2348 certe,
536 2263 680 2355 Lycurgi
700 2265 916 2331 contumacia
935 2288 1125 2350 succensus,
1146 2264 1294 2333 dormire

250 2430 327 2472 cum
344 2431 383 2474 eo
401 2405 529 2496 noluit,
547 2410 675 2502 sicque,
694 2409 784 2502 quod
803 2412 915 2479 animo
930 2426 1142 2504 conceperat,
1162 2411 1293 2480 facilius
1393 2413 1394 2498 j

250 2569 421 2624 exsecutus
447 2571 506 2625 est.
536 2558 675 2627 Familia
699 2560 808 2652 primo
833 2585 949 2628 somno
973 2556 1118 2653 sepulta,
1142 2561 1293 2654 Ascyltos

249 2715 381 2770 nostras
391 2703 573 2773 sarcinulas
584 2705 731 2789 humeris
743 2707 918 2799 imposuit,
929 2722 962 2775 et
976 2733 1036 2801 per
1045 2710 1133 2776 muri
1147 2711 1293 2796 ruinam,

250 2869 347 2922 antea
365 2853 590 2942 observatam,
605 2856 768 2922 transiens
784 2852 932 2922 diluculo
945 2855 988 2922 ad
998 2854 1110 2924 villam
1124 2859 1293 2949 pervenit,

251 3025 370 3097 quam,
401 3000 492 3070 nullo
525 3003 695 3090 obstante,
725 3002 877 3089 intravit,
909 3001 1170 3096 cubiculumque
1198 3005 1295 3096 petiit

250 3165 422 3237 nostrum,
451 3150 547 3243 ,quod
574 3150 726 3220 custodes
755 3149 864 3218 claudi
892 3165 1099 3218 curaverant.
1127 3154 1294 3244 Apertura

250 3326 329 3369 vero
349 3326 417 3369 non
438 3299 603 3387 difficilis3
632 3300 778 3392 ligneum
804 3316 874 3368 erat
900 3299 1100 3387 claustrum,
1122 3301 1216 3392 cujus
1236 3301 1294 3370 fir-

249 3451 415 3538 mitatem,
433 3451 557 3519 inserto
575 3447 680 3536 ferro,
694 3447 836 3536 laxavit,
853 3462 887 3516 et
905 3473 976 3516 sera
990 3447 1142 3544 delapsa,
1158 3475 1219 3516 nos
1236 3476 1293 3519 ex·

249 3600 388 3667 citavit:
409 3598 625 3667 stertebamus
643 3598 732 3665 enim
751 3599 855 3665 invita
874 3595 1018 3666 fortuna.
1032 3601 1146 3690 thue
1160 3597 1203 3665 ob
1218 3623 1293 3691 per-

246 3746 417 3839 vigilium,
441 3745 526 3815 altus
544 3746 694 3815 custodes
713 3746 857 3814 habebat
881 3769 1036 3832 somnus,
1064 3745 1105 3812 ad
1126 3746 1292 3837 fragorem

246 3893 307 3961 soli
323 3863 606 3988 expergiscimur:
630 3910 662 3964 et
683 3894 832 3988 Ascyltos
859 3896 1024 3985 ingressus
1043 3895 1156 3987 paucis
1177 3919 1292 3962 narra-

247 4045 314 4129 vit,
337 4069 410 4136 quae
430 4047 533 4114 nostri
551 4047 656 4137 gratia
676 4045 806 4112 fecerat.
834 4042 988 4112 Pluribus
1016 4070 1082 4111 non
1110 4068 1194 4137 opus
1214 4043 1286 4112 fuit.
