2817 4684
255 335 314 372 aru
510 322 562 374 '‘1'.
583 321 764 375 PETRONII
784 320 1007 377 SATYRICON.

252 442 370 533 gulas?
386 468 481 512 vasus
500 444 629 531 fictilis,
647 448 748 513 immo
768 444 859 513 lorus
875 447 911 513 in
927 470 1030 537 aqua,
1051 442 1193 530 lentior,
1221 467 1288 509 non

254 584 381 694 melior.
400 590 452 654 Tu
465 588 592 655 beatior
612 586 665 656 es?
687 588 737 656 bis
755 587 900 681 prande,
918 589 969 654 bis
985 612 1088 655 coena.
1106 591 1180 679 Ego
1193 584 1291 653 fidem

254 752 359 795 meam
379 726 482 815 malo,
505 754 605 821 quam
630 730 812 799 thesauros.
837 730 889 817 Ad
908 754 1086 816 summam,
1114 731 1290 821 quisquam

255 895 307 939 me
322 872 373 937 bis
393 872 564 965 poposcit?
583 874 687 941 Annis
713 872 935 964 quadraginta
958 873 1094 953 servivi3
1121 897 1221 939 nemo
1240 887 1288 939 ta-

254 1038 330 1081 men
343 1014 422 1099 scit,
439 1029 551 1082 utrum
573 1040 686 1082 servus
698 1040 822 1101 essem,
840 1040 882 1083 an
900 1013 997 1083 liber:
1013 1028 1046 1081 et
1060 1039 1143 1107 puer
1157 1012 1291 1107 capilla-

256 1170 308 1222 tus
320 1157 355 1222 in
367 1156 456 1224 hanc
465 1154 629 1229 coloniam
643 1159 738 1225 veni:
757 1156 865 1225 adhuc
880 1156 1013 1225 basilica
1027 1182 1096 1224 non
1106 1148 1184 1224 erat*
1194 1156 1289 1224 facta.

254 1303 342 1372 Dedi
361 1317 471 1371 tamen
496 1327 648 1395 operam,
673 1317 711 1370 ut
734 1301 881 1371 domino,
898 1300 1137 1389 satisfacerem,
1161 1302 1290 1369 homini

253 1444 386 1514 malisto
405 1462 439 1515 et
455 1445 639 1538 dignitoso,
658 1446 753 1538 cujus
770 1444 874 1540 pluris
891 1446 1119 1537 erat'unguis,
1136 1469 1238 1536 quam
1255 1459 1290 1511 tu

254 1548 343 1659 totus
360 1616 413 1659 es:
428 1605 461 1658 et
480 1589 642 1658 habebam
659 1591 694 1656 in
715 1589 840 1675 domn,
854 1591 913 1681 qui
929 1590 1012 1657 mihi
1039 1586 1156 1681 pedem
1184 1613 1290 1682 oppo-

254 1750 371 1803 nerent
392 1734 469 1821 hac,
489 1732 585 1801 illac:
603 1748 713 1802 tamen
731 1731 847 1827 (genio
870 1734 992 1825 gratias
1003 1728 1032 1825 l)
1053 1734 1195 1801 enatavi.
1213 1736 1289 1805 Haec

255 1893 303 1947 est
318 1903 416 1947 ¹nera.
430 1876 521 1946 atlrla
540 1904 548 1945 ε
573 1903 651 1948 uam
675 1880 711 1945 in
723 1944 725 1949 ,
739 1880 921 1970 ingenuum
940 1868 1055 1963 nasci,
1074 1876 1204 1945 facilius
1222 1892 1289 1963 est,

256 2046 356 2113 quam
368 2020 523 2088 accedere
538 2021 632 2089 istun·
644 2019 736 2108 Quid
748 2044 839 2087 nunc
855 2033 982 2113 stupes,
1003 2035 1164 2111 tanquam
1179 2019 1291 2088 hircus

164 2176 168 2181 '
255 2162 510 2233 Mercurialem?
1374 2036 1383 2607 1

1373 2794 1383 3169 l

307 3678 385 3743 Post
402 3675 467 3743 hoc
483 3676 609 3745 dictum
625 3680 750 3768 Giton,
770 3683 828 3773 qui
852 3681 895 3749 ad
906 3680 1005 3772 pedes
1025 3681 1152 3769 stabat,
1171 3654 1287 3767 risum,
1376 3712 1381 3755 r

610 3450 773 3520 canna
793 3452 939 3549 Lvrn.

255 3816 383 3908 jamdiu
393 3841 626 3912 compressum,
638 3824 738 3891 etiam
749 3824 939 3892 indecenter
944 3822 1062 3893 effudit
1071 3850 1080 3913 3
1089 3824 1179 3917 quod
1188 3848 1286 3918 quum

259 3964 541 4037 animadvertisset
572 3967 778 4037 adversarius
812 3968 953 4065 Ascylti,
985 3968 1074 4039 flexit
1105 3970 1288 4039 convicium
