2817 4684
239 403 295 473 246
513 409 546 463 r.
568 392 750 465 rnrnoun
771 411 992 467 sirrmeou.

237 532 327 600 turdi
354 531 498 625 siligine,
526 536 598 602 uvis
622 537 746 629 passis,
772 536 979 627 nucibusque
1006 534 1095 605 farsi.
1122 538 1280 603 Insecuta

237 691 315 744 sunt
333 676 475 768 cydonia
490 679 589 745 etiam
605 678 711 764 mala,
730 677 995 773 spinisronfixa,
1013 694 1050 746 ut
1067 678 1206 746 echinos
1227 678 1279 747 ef-

237 818 392 907 ficerent3
411 835 444 889 et
458 820 529 889 haec
545 822 679 915 quidem
697 821 880 892 tolerabilia
894 837 1008 908 erant,
1027 825 1054 891 si
1069 802 1141 891 non
1159 822 1281 892 fericu-

237 961 306 1031 lum
331 960 429 1054 longe
456 966 696 1033 monstruosius
718 962 893 1049 effecisset,
921 978 959 1032 ut
984 963 1036 1033 vel
1057 963 1144 1033 fame
1170 967 1281 1058 perire

237 1104 417 1173 mallemus.
435 1108 539 1191 Nam,
558 1130 661 1200 quum
675 1108 802 1202 positus
816 1121 915 1193 esset,
930 1122 968 1175 ut
985 1132 1045 1175 nos
1056 1108 1280 1201 putabamus,

235 1274 332 1317 anser
346 1247 463 1334 altilis,
482 1252 634 1344 circaque
649 1252 775 1344 pisces,
791 1266 824 1319 et
840 1252 989 1319 omnium
1006 1273 1127 1343 genera
1141 1254 1280 1337 avium,

238 1393 347 1485 inquit
360 1392 562 1462 Trimalchio
580 1420 588 1461 z
604 1392 834 1487 -Quidquid
852 1391 971 1463 videtis
988 1392 1042 1463 hic
1056 1395 1218 1488 positum,
1236 1396 1281 1464 de

238 1560 307 1604 uno
322 1559 463 1628 corpore
484 1550 534 1604 est
551 1534 685 1604 factum.
701 1574 745 1589 -
760 1539 852 1627 Ego,
871 1535 995 1605 scilieet
1010 1536 1111 1605 homo
1130 1536 1280 1631 pruden-

239 1680 402 1764 tissimus,
421 1680 532 1746 statim
550 1676 714 1764 intellexi,
734 1676 816 1771 quid
835 1692 937 1766 osset3
950 1693 984 1746 et
995 1680 1174 1772 respiciens
1189 1682 1281 1771 Aga·

238 1819 685 1907 memnonem,-Mirab0r‘,
699 1822 854 1913 inquam,
871 1822 935 1899 nisi
953 1822 1064 1889 omnia
1079 1824 1140 1890 ista
1159 1820 1279 1902 delicta

236 1979 336 2051 sunt,
359 1979 417 2033 aut
434 1978 522 2032 certe
541 1963 582 2031 de
600 1962 671 2032 luto
691 1988 699 2029 τ
720 1963 789 2031 vidi
806 1966 923 2039 Romae
940 1965 1172 2033 Saturnalibus
1190 1968 1280 2057 ejus·

239 2106 328 2179 modi
347 2130 518 2175 coenarum
538 2107 716 2197 imaginem
734 2106 816 2183 lieri.
855 2146 858 2149 -

608 2686 771 2753 CAPUT
803 2685 915 2751 Lux.

287 2908 437 2978 Necdum
446 2908 596 2977 finieram
608 2933 808 2995 sermionem,
821 2929 925 3001 quum
936 2907 1138 2977 Trimalchio
1152 2910 1218 2975 ait:
1228 2948 1273 2959 —-

237 3056 288 3121 Ita
303 3075 445 3120 crescam
458 3053 675 3146 patrimonio,
690 3074 759 3119 non
772 3074 925 3145 corpore,
944 3066 981 3120 ut
994 3052 1057 3120 ista
1071 3071 1169 3121 cocus
1183 3076 1273 3121 meus

239 3193 279 3264 de
298 3220 401 3289 porco
414 3195 501 3263 fecit.
522 3196 601 3265 Non
619 3208 727 3288 potest
742 3218 810 3262 esse
827 3194 1002 3290 pretiosior
1021 3192 1132 3266 homo
1152 3193 1275 3263 Volue-

238 3342 311 3420 ris:
330 3340 371 3409 de
396 3339 496 3407 vulva
521 3337 618 3407 faciet
641 3340 785 3434 piscem,
811 3337 852 3407 de
881 3336 975 3407 lardo
997 3337 1209 3433 palumbum,
1234 3341 1274 3409 de

191 3481 195 3490 ’
238 3508 342 3576 perna
367 3498 548 3570 turturem,
571 3482 612 3551 de
632 3482 778 3578 coliphio
794 3481 972 3575 gallinam
992 3496 1026 3550 et
1046 3482 1149 3551 ideo
1140 3485 1275 3574 ingenio

237 3650 311 3694 meo
337 3626 528 3719 impositum
549 3640 598 3695 cst
621 3624 670 3694 illi
693 3650 814 3694 nomen
834 3624 1075 3695 bellissimum:
1101 3648 1180 3693 nam
1200 3628 1271 3692 1)ae-

238 3768 332 3838 dalus
348 3783 495 3837 vocatur.
513 3772 560 3837 Et
571 3771 649 3861 quia
664 3770 786 3837 bonam
800 3784 943 3838 mentem
960 3766 1075 3853 babet,
1082 3756 1208 3836 attulit
1225 3765 1269 3834 illi

238 3918 344 3992 Roma
368 3938 454 3981 unus
480 3911 603 3981 cultros
623 3913 740 3979 norico
765 3910 870 3999 lerr03
883 3951 927 3965 -
941 3936 1024 4003 quos
1042 3912 1154 3979 statim
1176 3911 1270 4003 jussit

238 4056 350 4132 allerri
359 4058 614 4148 ,inspectosque
627 4056 764 4122 miratus
778 4067 842 4140 est,
855 4056 955 4122 etiam
967 4055 1065 4123 nobis
1078 4069 1267 4146 potestatem
