2817 4684
246 343 303 396 208
519 344 552 397 Τ.
573 342 757 400 PETRONII
777 344 999 401 SATYRIOON.

246 469 332 561 ipse,
351 470 409 560 qui
426 494 527 562 supra
542 468 850 552 mediscumbebau
865 487 917 540 et:
935 512 984 525 -
1000 474 1092 561 Quid
1107 474 1214 561 rides,
1234 476 1286 542 in-

248 590 339 704 quit,
356 611 499 680 berbex?
513 613 646 681 Ari-tibi
664 638 733 680 non
751 602 883 706 placent
895 613 1030 682 lautitiae
1050 615 1177 684 domini
1196 616 1286 684 mci?

249 771 285 824 tu
304 754 392 823 enim
408 756 536 825 beatior
554 782 603 844 es,
623 772 656 825 et
672 760 849 827 convivare
865 756 981 827 melius
1000 756 1108 826 soles?
1127 762 1182 847 Ita
1194 758 1286 827 'tute-

247 899 312 969 lam
329 901 428 993 hujus
448 900 512 969 loci
529 897 668 971 habeam
685 903 879 997 propitiam,
899 917 937 969 ut
953 927 1031 995 ego,
1047 904 1075 969 si
1102 902 1285 977 secundum

248 1041 342 1111 illum
362 1014 618 1131 discumberem}
637 1047 707 1138 jam
723 1044 772 1114 illi
795 1044 908 1115 balatu
930 1043 1185 1113 interdixissem.
1215 1044 1287 1113 Bel-

247 1184 316 1253 lum
338 1210 494 1279 pomum‚
520 1188 579 1280 qui
607 1188 743 1256 irrideat
770 1185 863 1256 alios.
892 1185 1050 1281 Larifuga
1074 1189 1185 1256 nescio
1211 1189 1286 1280 quis

248 1325 452 1416 nocturnus,
469 1332 528 1423 qui
543 1354 611 1399 non
628 1329 716 1399 valet
730 1330 848 1399 lotium
862 1355 969 1399 suum.
989 1329 1042 1400 Ad
1061 1355 1241 1417 summam,
1259 1332 1286 1397 si

248 1478 524 1545 circumminxero
535 1475 647 1564 illum,
670 1478 794 1545 nesciet
814 1500 880 1569 qua
893 1475 1009 1569 fugiat.
1023 1478 1102 1547 Non
1113 1526 1122 1562 ,
1135 1499 1189 1543 me
1203 1480 1286 1544 Her·

247 1616 338 1707 culc'!
356 1619 445 1688 soleo
462 1622 529 1709 cito
543 1620 688 1708 fervere,
712 1618 819 1689 sedin
839 1619 931 1690 molli
948 1644 1047 1689 carne
1064 1644 1191 1687 vermes
1209 1644 1286 1687 nas-

247 1779 380 1833 cuntur.
401 1763 520 1832 Ridet:
540 1763 622 1857 quid
640 1765 755 1851 habet,
778 1762 868 1856 quod
885 1762 1013 1832 rideat?
1032 1761 1205 1855 Numquid
1230 1788 1288 1855 pa-

248 1922 333 1990 trem
350 1907 447 1976 foetus
463 1906 566 1977 emit?
582 1911 676 1978 Lana
691 1932 791 2000 eques
816 1926 974 1976 romanus
993 1905 1052 1975 es?
1069 1921 1100 1975 et
1118 1930 1180 1999 ego
1201 1908 1288 1998 regis

245 2050 343 2119 filius.
362 2053 475 2140 Quare
491 2077 570 2144 ergo
590 2050 776 2120 servivisti?
794 2052 873 2143 quia
891 2053 960 2144 ipse
977 2075 1029 2119 me
1040 2049 1116 2118 dedi
1132 2052 1167 2117 in
1187 2052 1288 2117 servi-

247 2216 367 2287 tutcm3
391 2214 425 2269 et
441 2200 542 2269 malui
565 2201 647 2267 civis
665 2224 825 2267 romanus
841 2224 929 2286 esse,
948 2225 1047 2293 quam
1067 2200 1285 2267 tributarius:

246 2363 279 2417 ct
293 2374 383 2417 nune
396 2372 508 2441 spero,
528 2372 581 2417 me
596 2350 643 2415 sic
657 2350 780 2435 vivere,
794 2363 831 2416 ut
841 2350 966 2417 nemini
979 2350 1074 2440 jocus
1088 2350 1160 2417 sim.
1178 2352 1287 2417 Homo

246 2500 333 2565 inter
353 2497 503 2566 homines
520 2522 618 2597 sum,
643 2500 752 2591 capite
769 2512 885 2591 aperto
903 2496 1058 2567 ambulo:
1076 2522 1184 2566 assem
1207 2523 1288 2567 aera-

247 2647 333 2713 rium
344 2647 477 2713 'nemini
491 2625 616 2714 debeo:
633 2647 850 2714 constitutum
864 2644 967 2713 habui
980 2670 1172 2738 nunquam:
1189 2673 1287 2716 nemo

246 2797 328 2865 milri
347 2798 381 2864 in
402 2796 474 2865 foro
491 2795 594 2881 dixit,
612 2794 753 2863 «Redde
773 2794 863 2889 quod
876 2795 1012 2865 debes.»
1025 2794 1183 2865 Glebulas
1201 2799 1286 2881 emi,

247 2943 429 3013 lamellulas
443 2947 577 3039 paravi:
596 2945 716 3037 viginti
734 2958 869 3013 ventres
879 2968 995 3037 pascu,
1013 2961 1046 3013 et
1059 2970 1194 3015 canem:
1210 2972 1287 3015 con·
1382 3008 1383 3046 p

246 3093 453 3190 tubernalem
467 3118 574 3161 meam
591 3092 735 3180 redemi,
754 3095 880 3186 nequis
896 3096 970 3162 sinu
986 3093 1073 3163 illius
1090 3120 1209 3163 manus
1223 3111 1287 3164 ter-

246 3258 355 3334 geret:
369 3240 459 3310 mille
474 3241 627 3310 denarios
644 3266 707 3333 pro
719 3243 827 3334 capite
846 3241 929 3310 solvi
941 3268 949 3309 :
961 3245 1047 3310 sevir
1062 3246 1167 3336 gratis
1180 3242 1286 3313 factus

244 3416 340 3459 sum:
361 3413 473 3483 spero,
489 3389 536 3457 sic
555 3391 694 3475 moriar,
711 3402 748 3456 ut
763 3404 914 3458 mortuus
931 3416 999 3459 non
1014 3392 1219 3461 erubescam.
1233 3396 1284 3461 Tu

246 3554 357 3610 autem
382 3553 451 3606 tam
471 3536 723 3623 laboriosum,
750 3552 787 3605 ut
806 3540 886 3631 ,post
905 3554 938 3607 te
960 3564 1028 3607 non
1054 3542 1232 3633 respicias?
1251 3541 1285 3607 in
1380 3552 1381 3583 ³

245 3689 311 3759 alio
327 3682 519 3783 pediculum
533 3687 646 3775 vides,
664 3688 699 3754 in
720 3702 751 3755 te
765 3688 909 3756 ricinum
929 3707 998 3755 non
1016 3688 1131 3757 vides?
1148 3690 1209 3759 tibi
1226 3689 1284 3759 soli

243 3838 375 3910 ridiculi
394 3836 566 3908 videmur?
585 3842 671 3907 Ecce
689 3840 847 3931 magister
866 3851 963 3925 tuus,
983 3838 1084 3907 homo
1103 3840 1210 3932 major
1229 3864 1282 3907 na·
1379 3894 1380 3903 ,

247 4008 317 4078 tus;
337 3989 503 4081 placemus
522 3986 590 4055 illi:
609 4001 645 4054 tu
665 3984 892 4073 meticulosus,
913 4012 973 4055 nec
990 4012 1065 4075 mu,
1086 4014 1148 4057 nec
1165 4014 1220 4057 ma
1235 4014 1284 4057 ar-
