2817 4684
259 430 317 484 268
520 431 566 485 'T.
588 433 770 489 PETRONH
792 432 1018 489 SATYRICON.

256 572 366 643 ctum,
388 583 454 623 non
475 557 586 627 sabula
604 586 612 627 ε
633 583 699 627 una
726 558 780 629 die
798 558 975 654 Neptunus
995 560 1168 627 treoenties
1186 574 1306 627 nester«

257 697 339 766 tium
353 698 535 767 devoravit.
548 700 691 786 Putatis,
706 722 759 765 me
771 695 950 767 defecisse?
961 722 1028 766 non
1038 749 1048 784 ‚
1058 722 1111 767 me
1125 695 1303 767 Hercules!

253 840 335 907 mihi
351 840 420 908 haec
429 841 561 933 jactura
574 842 685 934 gustui
698 840 779 928 fnit3
795 856 955 934 tanquam
968 838 1052 910 nihil
1065 840 1162 910 faeti:
1177 838 1303 912 alteras

253 983 314 1051 feri
332 984 490 1076 majores,
507 997 542 1053 et
558 983 728 1068 meliores,
747 998 781 1053 et
796 982 978 1054 feliciores:
996 998 1035 1053 ut
1047 1008 1144 1053 nemo
1162 1008 1305 1053 nonme

253 1130 362 1195 virum
379 1127 498 1198 fortem
518 1128 650 1197 diceret.
668 1130 759 1215 Scis,
777 1152 898 1223 magna
917 1130 1011 1199 navis
1029 1153 1184 1223 magnam
1204 1128 1305 1199 t'orti·

254 1272 404 1340 tudinem
428 1273 537 1342 habet.
557 1275 703 1343 Oneravi
718 1298 833 1343 rursus
847 1275 980 1361 vinum,
999 1271 1145 1360 lardum,
1164 1273 1303 1360 fabam,

254 1413 445 1509 seplasium‚
474 1418 651 1511 mancipia.
673 1422 744 1485 Hoc
764 1416 838 1487 loco
856 1420 1039 1486 Fortunata
1058 1441 1127 1486 rem
1149 1418 1238 1511 piam
1256 1416 1304 1485 fe·

253 1560 316 1644 cit;
333 1583 432 1628 omne
449 1561 538 1629 enim
562 1585 680 1631 aurum
703 1564 818 1648 suum,
838 1562 952 1631 omnia
971 1561 1168 1629 vestimenta
1187 1560 1305 1629 vendi-

218 1695 222 1705 ’
253 1701 322 1786 dit,
335 1717 369 1770 et
382 1702 463 1771 mihi
478 1716 611 1771 centnm
625 1726 744 1772 aureos
766 1703 800 1772 in
817 1726 920 1772 manu
935 1704 1065 1799 posuit:
1083 1702 1148 1771 hoc
1163 1700 1226 1771 tuit
1247 1728 1304 1799 pe

253 1843 330 1914 culii
358 1847 422 1913 mei
453 1843 661 1918 fermentum.
681 1848 760 1915 Cito
785 1846 844 1931 fir,
867 1842 959 1940 qnod
989 1844 1036 1915 dii
1064 1844 1191 1915 volunt
1221 1848 1303 1917 Uno

253 2014 351 2057 cursu
383 1990 506 2057 centies
534 1990 719 2057 sestertium
746 1987 994 2057 corrotundavi.
1026 1988 1145 2058 Statim
1173 1988 1300 2057 redemi

254 2132 375 2202 fundos
392 2158 518 2219 omnes,
532 2135 590 2227 qui
603 2134 736 2228 patroni
753 2135 817 2204 mei
836 2131 1126 2221 fuerantredifico
1142 2131 1301 2220 domnm3
1396 2232 1397 2237 γ

254 2257 409 2345 venaiitia
426 2299 541 2345 ooemo
556 2276 726 2368 jumenta;
740 2274 905 2369 quidquid
921 2275 1119 2369 tangebam,
1132 2274 1303 2345 crescebat

256 2434 414 2513 tanquam
430 2419 535 2489 savus.
556 2422 736 2513 Postquam
754 2422 838 2516 coepi
855 2418 931 2515 plus
950 2419 1090 2507 habere,
1111 2445 1214 2515 quam
1230 2435 1302 2489 tota

257 2566 362 2659 patria
383 2590 456 2633 mea
472 2564 591 2653 habet,
613 2588 750 2633 manum
766 2564 807 2633 de
827 2562 959 2654 tabula,
977 2563 1095 2633 sustuli
1111 2589 1166 2633 me
1179 2564 1223 2634 de
1240 2590 1301 2633 ne·

257 2711 456 2802 gotiatione,
474 2724 506 2777 et
522 2710 607 2803 eoepi
624 2706 760 2777 libertos
776 2707 948 2779 foenerare
971 2711 1015 2777 Et
1037 2732 1116 2779 sane
1131 2707 1302 2779 nolentem

258 2879 310 2921 me
333 2854 504 2947 negotium
526 2877 637 2921 meum
657 2876 755 2945 agere
779 2852 927 2921 exoravit
945 2850 1218 2939 mathematicus,
1242 2856 1302 2945 qui

257 3012 392 3066 venerat
414 2994 500 3066 forte
528 2998 563 3065 in
580 2996 745 3065 coloniam
774 3009 943 3081 nostram,
968 2994 1151 3083 Graeculio,
1175 2996 1302 3090 Serapa

257 3144 418 3229 nomine,
438 3141 804 3223 consiliatordeorum.
831 3141 892 3209 Hic
921 3104 1003 3208 inihi
1030 3138 1114 3209 dixit
1134 3140 1237 3209 etiam
1261 3164 1300 3209 ea
1394 3204 1395 3211 ,

254 3312 330 3380 quse
346 3287 470 3356 oblitus
485 3311 593 3373 eram,
610 3287 653 3355 ab
671 3289 743 3354 acia
759 3300 793 3354 et
812 3308 876 3355 acu
892 3284 974 3353 mihi
994 3285 1108 3353 omnia
1123 3286 1298 3379 exposuit:

256 3433 427 3500 intestinas
451 3455 541 3500 meas
565 3445 721 3513 noverat3
734 3418 940 3524 ⁵tantumque
964 3452 1033 3497 non
1051 3426 1200 3514 dixerat,
1216 3425 1299 3521 quid

255 3576 364 3671 pridie
382 3598 597 3644 coenaveram.
618 3576 787 3659 Putasses,
816 3571 910 3641 illum
930 3596 1058 3667 semper
1080 3596 1210 3643 mecum
1235 3570 1297 3640 ha·

257 3725 386 3798 bitasse.
