2817 4684
263 347 336 403 allo
501 387 505 392 -
554 348 587 403 T.
607 347 788 405 PETRONII
808 343 1035 402 SATYttlcott.

278 471 376 555 dicit3
392 473 419 539 si
434 473 566 557 vixerit,
582 473 720 542 habebis
737 472 779 541 ad
791 471 877 541 latus
895 469 1072 540 servulum.
1092 469 1198 552 Nam,
1216 463 1316 558 quid·

277 615 358 708 quid
378 613 425 683 illi
443 632 557 717 vacat,
581 631 682 711 caput
699 615 741 686 de
763 615 875 686 tabula
899 641 967 683 non
990 611 1096 684 tollit:
1120 611 1316 704 ingeniosus

276 754 340 844 est,
360 771 392 824 et
409 757 498 825 bono
515 757 588 845 filo,
611 759 738 826 etiamsi
756 759 790 825 in
807 782 883 826 aves
899 756 1071 824 morbosus
1090 769 1150 823 est.
1169 757 1242 846 Ego
1266 750 1314 819 illi

267 898 341 990 ⁴jam
358 913 424 967 tres
438 898 607 968 cardueles
622 900 747 987 occidi,
765 914 798 968 et
817 898 906 986 dini,
923 897 1014 992 quod
1040 895 1180 966 mustela
1201 919 1313 964 come·

275 1038 340 1126 dit;
355 1041 483 1108 invenit
499 1055 609 1109 tamen
623 1039 714 1109 alias.
724 1043 847 1110 Versus
862 1040 961 1109 etiam
974 1037 1189 1108 libentissime
1202 1037 1309 1128 fingit.

273 1185 428 1252 Ceterum
444 1184 514 1274 jam
532 1183 693 1253 Graeculis
717 1182 838 1252 calcem
857 1183 1022 1279 impingit.
1047 1185 1090 1250 Et
1108 1181 1229 1251 latinas
1249 1205 1312 1248 coe·

273 1329 323 1420 pit
337 1352 405 1395 non
420 1312 505 1397 male
515 1344 686 1423 appetere,
708 1329 835 1398 etiarnsi
853 1330 1009 1421 magister
1018 1328 1088 1420 ejus
1103 1328 1165 1395 sibi
1178 1303 1312 1420 placens

272 1471 337 1557 sit,
361 1496 422 1538 nec
440 1496 508 1539 uno
528 1470 601 1540 loco
619 1473 804 1540 consistat:
830 1473 923 1540 novit
941 1470 1075 1564 quidem
1094 1469 1237 1556 litteras,
1256 1470 1311 1538 sed

273 1637 341 1680 non
358 1611 430 1681 'vult
443 1612 603 1682 laborare.
623 1617 684 1682 Est
701 1629 736 1684 et
752 1612 851 1701 alter,
874 1639 942 1681 non
955 1612 1089 1706 quidem
1103 1612 1237 1697 doctus,
1256 1611 1311 1680 sed

272 1756 441 1843 curiosus,
461 1758 519 1849 qui
533 1746 613 1850 ¹plus
630 1755 743 1844 docet,
754 1759 862 1850 'quam
879 1757 951 1826 scit.
969 1755 1086 1848 Itaque
1102 1756 1227 1824 feriatis
1242 1755 1309 1824 die-

271 1899 334 1966 bus
350 1875 433 1967 solet
450 1899 587 1969 domum
604 1903 737 1988 venire,
754 1914 802 1988 et,
824 1899 988 1993 quidquid
1007 1900 1148 1987 dederis,
1170 1914 1307 1970 conten-

272 2055 326 2108 tus
342 2056 402 2109 est.
427 2045 502 2110 Emi
520 2067 601 2135 ergo
621 2069 712 2112 nunc
731 2067 835 2136 puero
858 2041 986 2135 aliquot
1003 2042 1096 2132 libra
1118 2043 1308 2128 rubricata,

272 2183 349 2274 quia
361 2182 459 2270 volo,
473 2183 583 2271 illum,
601 2185 643 2253 ad
655 2184 774 2255 domus
788 2187 954 2273 usi'onern,
971 2184 1098 2280 aliquid
1113 2185 1154 2253 de
1163 2186 1241 2278 jure
1251 2209 1308 2278 gu·
1385 2173 1386 2236 l

270 2339 357 2395 stare
375 2323 501 2418 (habet
516 2327 586 2394 haec
603 2353 654 2396 res
675 2326 836 2421 panem),
860 2353 937 2396 nam
957 2328 1073 2396 litteris
1097 2328 1177 2396 satis
1196 2329 1306 2420 inqui·

271 2482 443 2536 natusest.
464 2469 565 2556 Quod
583 2473 609 2537 si
631 2471 819 2556 resciverit,
840 2469 1002 2539 destinavi
1020 2470 1113 2539 illum
1130 2473 1306 2541 artificium

269 2626 328 2680 aut
344 2613 527 2680 tonsorium
545 2612 673 2700 doceri,
690 2587 968 2706 aut'praeconem,
986 2628 1044 2682 aut
1060 2629 1147 2683 certe
1164 2616 1306 2682 causidi-

270 2780 362 2843 cum,
374 2755 472 2848 .quod
496 2754 544 2824 illi
561 2756 690 2824 auferre
711 2781 784 2858 non
801 2757 925 2850 possit,
945 2757 1008 2824 nisi
1022 2761 1140 2828 Orcus.
1165 2759 1246 2826 Ideo
1262 2757 1307 2827 rlli

179 2887 185 2895 ’
269 2897 1178 2992 quotidieclamoznPrimigeni,credemihi,quidquid
1189 2901 1306 2988 discis,

269 3039 331 3106 tibi
341 3038 450 3107 discis.
467 3037 569 3108 Vides
583 3039 794 3108 Phileronem
809 3039 1029 3128 causidicum,
1047 3043 1074 3109 si
1092 3067 1161 3110 non
1176 3043 1307 3112 didicis·

231 3199 234 3204 ·
262 3170 332 3268 set,
347 3180 446 3250 hodie
455 3181 604 3251 famema
615 3180 716 3251 labris
729 3207 797 3250 non
807 3183 963 3276 abigeret.
981 3184 1099 3273 Modo,
1110 3186 1212 3254 modo
1219 3174 1306 3257 'collo

268 3347 329 3390 suo
354 3312 606 3392 circumferebat
627 3348 729 3392 onera
755 3323 901 3393 venalia:
923 3329 1130 3396 nuncetiam
1150 3329 1305 3399 adversus

267 3465 464 3536 Norbanum
482 3492 516 3536 se
533 3465 697 3555 eatendit.⁴
707 3469 842 3538 Littera
854 3439 1045 3540 thesaurum
1061 3487 1124 3559 est,
1147 3489 1179 3542 et
1201 3474 1302 3544 artili·
1363 3554 1366 3558 ,

265 3609 353 3677 cium
374 3635 547 3703 nunquam
564 3611 716 3679 moritur.
737 3641 754 3676 ³>
775 3603 777 3608 ’
