2817 4684
262 409 315 458 170
539 391 572 444 r.
594 390 773 448 rnraoun
795 387 1019 448 saurnrcou.

555 1288 558 1294 .
604 1221 770 1289 CAPUT
802 1222 937 1288 XLIV.

303 1457 382 1522 Haec
410 1453 558 1524 Phileros
585 1455 685 1537 dixit3
717 1455 778 1522 ista
804 1453 1031 1549 Ganymedes:
1062 1495 1100 1512 -
1123 1454 1299 1539 Narratis,

253 1596 343 1688 quod
353 1622 414 1665 nec
431 1597 473 1665 ad
484 1595 618 1683 eoelum,
632 1621 699 1664 nec
716 1597 759 1664 ad
770 1611 891 1665 terram
905 1598 1067 1690 pertinet;
1086 1621 1190 1689 quum
1206 1598 1292 1664 intc-

256 1741 319 1806 rim
337 1765 433 1808 nemo
452 1755 561 1826 curat,
579 1740 660 1832 quid
678 1765 848 1810 annonam
862 1740 1001 1807 mordet.
1022 1743 1121 1826 Non,
1141 1765 1195 1809 me
1214 1743 1294 1808 Her-

256 1878 363 1950 cules!
381 1882 480 1950 hodie
491 1882 631 1950 buccam
644 1883 741 1977 panis
753 1883 902 1949 invenire
919 1883 1025 1975 potui.
1040 1885 1083 1950 Et
1099 1878 1294 1974 quomodo?

255 2027 384 2094 siccitas
403 2041 613 2120 perseverat:
628 2026 697 2119 jam
715 2050 839 2093 annum
858 2027 966 2094 esurio
981 2024 1038 2092 fui.
1059 2024 1180 2093 AEdiles
1197 2024 1295 2120 (male
1380 2057 1381 2060 ¹

259 2167 406 2239 eveniat!
422 2170 436 2260 l
452 2172 511 2263 qui
528 2196 602 2238 cum
626 2169 806 2264 pistoribus
817 2166 1008 2236 colludunt:
1030 2193 1123 2236 serva
1138 2193 1209 2253 me,
1227 2192 1293 2235 ser·

257 2314 342 2382 vabo
366 2328 406 2382 te.
426 2316 543 2406 Itaque
560 2312 702 2406 populus
719 2313 868 2379 minutus
889 2309 1034 2400 laborat3
1058 2337 1136 2379 nam
1153 2312 1208 2379 isti
1227 2335 1294 2378 ma-

255 2455 344 2547 jores
362 2453 502 2523 maxilla
520 2478 648 2548 semper
665 2451 854 2522 Saturnalia
872 2468 987 2546 agunt.
1005 2457 1037 2523 O
1057 2456 1083 2522 si
1100 2454 1294 2522 haberemus

259 2598 332 2666 illos
346 2598 475 2683 leones,
491 2622 575 2690 quos
591 2621 653 2689 ego
668 2597 725 2666 hic
742 2599 871 2684 inveni,
887 2622 989 2689 quum
1004 2599 1149 2691 primum
1161 2622 1201 2665 ex
1219 2599 1295 2664 Asia

258 2739 356 2811 veni!
383 2741 471 2811 Illud
492 2757 563 2810 erat
591 2743 712 2809 vivere.
738 2739 865 2809 Similia
888 2740 1007 2810 Sicilie
1032 2743 1224 2821 interioris3
1251 2743 1294 2808 sic

257 2911 336 2953 arva
361 2887 490 2954 siccitas
516 2884 713 2980 perurebat,
743 2898 781 2950 ut
813 2883 877 2951 illis
904 2884 1033 2977 Jupiter
1065 2885 1167 2952 iratus
1200 2898 1291 2951 esset.

257 3030 321 3098 Sed
335 3031 470 3097 memini
483 3029 661 3096 Safinium:
678 3042 758 3095 tunc
773 3026 945 3094 habitabat
953 3027 995 3094 ad
1012 3019 1126 3095 arcum
1140 3042 1292 3110 veterem,

256 3199 309 3242 me
328 3198 451 3267 puem,
469 3174 579 3266 piper,
597 3196 666 3239 non
685 3170 795 3238 bomo.
817 3173 870 3256 Is‘,
898 3194 1096 3268 quacunque
1123 3170 1207 3256 ibat,
1234 3186 1293 3239 ter-

257 3343 328 3385 ram
349 3316 530 3403 adurebat;
552 3313 609 3383 sed
625 3328 751 3399 rectus,
781 3311 837 3415 sed
863 3327 991 3402 certus,
1018 3315 1143 3381 amicus
1167 3316 1291 3400 amico,
1379 3353 1380 3412 3

256 3486 333 3530 cum
349 3485 416 3553 quo
440 3457 596 3528 audacter
621 3481 733 3550 posses
757 3457 792 3522 in
817 3456 960 3524 tenebris
983 3457 1115 3525 micare.
1136 3458 1175 3524 In
1205 3458 1293 3525 curia

257 3619 367 3674 autem
381 3600 569 3696 quomodo?
581 3597 728 3692 singulos
739 3597 830 3666 velut
843 3599 925 3692 pilas
939 3599 1118 3667 tractabat:
1130 3625 1192 3668 nee
1206 3601 1294 3668 sche-

258 3775 328 3834 mas
345 3746 559 3840 loquebatur,
585 3743 642 3812 sed
665 3743 827 3811 directim.
856 3743 971 3830 Quum
994 3759 1105 3836 ageret
1129 3769 1230 3838 porro
1261 3746 1293 3812 in

257 3892 348 3981 foro,
362 3893 408 3959 sic
420 3890 508 3958 illius
520 3915 585 3957 vox
600 3889 784 3973 crescebat,
800 3901 959 3980 tanquam
974 3887 1072 3976 tuba3
1090 3913 1151 3956 nec
1166 3888 1293 3957 sudavit

259 4061 428 4129 uuquam,
449 4059 511 4101 nec
527 4034 666 4126 exspuit.
693 4035 780 4099 Puto
799 4031 906 4116 enim,
936 4032 1046 4101 nescio
1064 4029 1146 4123 quid
1169 4032 1291 4099 asiatici
