2817 4684
277 404 333 461 252
551 409 586 463 Τ.
607 408 787 464 PETRONll
807 409 1030 466 SATYRlCON.

273 534 419 602 cundum
436 533 533 627 pedes
550 548 666 603 statum
681 560 762 603 meae
779 534 928 605 catellam
944 538 1080 630 pingas,
1098 552 1131 605 et
1148 561 1306 621 conones,
1378 516 1379 551 ³

272 690 304 744 et
318 690 503 775 unguenta,
517 691 550 745 et
563 690 711 772 peractas
729 637 842 745 omnee
857 702 1004 771 pugnas,
1022 694 1059 747 ut
1075 679 1158 747 mihi
1177 680 1307 748 contin·

271 836 327 913 gat
346 835 404 889 tuo
420 820 579 889 beneficio
599 836 829 915 postmortem
848 822 968 890 vivere.
989 824 1167 911 Praeterea,
1186 836 1224 891 ut
1240 822 1308 889 sint
1379 878 1380 915 Ξ

272 967 308 1033 in
328 964 438 1035 fronte
452 965 549 1060 pedes
563 980 725 1035 centum-z
738 968 773 1034 in
792 990 909 1059 agrum
926 964 1024 1059 pedes
1037 966 1180 1035 ducenti.
1197 969 1307 1036 Omne

270 1132 374 1204 genus
390 1113 479 1179 enim
497 1135 692 1204 pomorum,
710 1111 807 1199 volo,
825 1112 892 1178 sint
907 1112 996 1179 circa
1013 1112 1137 1180 cineres
1153 1136 1259 1197 meos,
1275 1126 1307 1179 et
1380 1181 1381 1204 χ

270 1255 441 1322 vinearum
461 1252 605 1347 largiter.
626 1252 735 1323 Valde
755 1256 843 1323 enim
861 1253 980 1323 falsum
996 1269 1060 1339 est,
1077 1256 1155 1323 vivo
1172 1254 1305 1347 quidem
1380 1266 1381 1301 ³

205 1468 208 1477 ,
269 1399 387 1467 domus
399 1398 504 1466 cultas
520 1423 608 1485 esse3
623 1424 692 1466 non
708 1401 817 1467 curari
835 1421 904 1485 em,
922 1398 979 1466 ubi
996 1398 1120 1466 diutius
1137 1398 1235 1467 nobis
1247 1398 1305 1466 ha·

269 1538 442 1607 bitandum
459 1554 509 1607 est
525 1564 533 1606 ε
552 1520 586 1640 et
599 1539 673 1608 ideo
690 1554 767 1608 ante
783 1512 894 1607 omnia
909 1538 1008 1630 adjici
1024 1537 1101 1607 volo
1119 1564 1127 1605 ε

343 1871 425 1959 HOCi
446 1912 711 1959 nonumnnwn.
735 1910 913 1959 HEREDEM·
933 1912 1017 1961 NON·
1043 1914 1234 1975 annnwn.

272 2253 426 2322 ceterum
438 2252 503 2318 erit
517 2250 601 2318 mihi
615 2275 720 2337 cnrae,
735 2266 772 2319 ut
789 2266 984 2322 testamento
998 2279 1152 2353 caveam,
1168 2278 1211 2323 ne
1223 2273 1316 2321 mor:
1383 2346 1384 2351 γ

274 2412 350 2467 tuus
369 2398 525 2491 injuriam
550 2400 709 2493 accipiam
735 2426 743 2468 :
765 2422 956 2495 praeponam
983 2403 1071 2469 enim
1090 2426 1195 2469 unum
1213 2426 1252 2469 ex
1268 2399 1307 2467 li·

275 2547 376 2615 bertis
397 2546 549 2641 sepulcro
573 2573 664 2636 meo,
682 2549 838 2620 custodia
865 2574 962 2618 causa
972 2600 983 2640 ‚
1002 2575 1044 2618 ne
1060 2551 1096 2617 in
1114 2573 1308 2618 monumen·

274 2712 345 2765 tum
363 2722 474 2765 meum
494 2697 637 2792 populus
656 2703 805 2767 canatum
828 2712 950 2767 currat.
969 2702 1018 2767 Te
1033 2722 1134 2790 rogo,
1153 2711 1191 2765 ut
1212 2722 1309 2766 naves
1356 2732 1359 2739 ·

274 2847 373 2914 etiam
392 2846 599 2914 monumenti
613 2847 678 2914 mei
696 2846 814 2935 facias,
828 2846 934 2940 plenis
954 2845 1035 2919 velis
1051 2861 1166 2915 euntes
1183 2872 1191 2912 ε
1210 2861 1245 2915 et
1260 2872 1310 2913 me

275 2994 311 3060 in
329 2992 487 3061 tribunali
509 2992 675 3065 sedentem
695 3009 944 3088 praetextatum,
963 3020 1039 3064 cnm
1055 2982 1188 3063 ann'ulis
1205 2996 1310 3063 aureis

276 3143 425 3235 quinque
436 3192 446 3228 ‚
459 3156 492 3211 et
503 3166 658 3210 nummos
674 3143 710 3209 in
722 3140 856 3237 publico
872 3143 915 3211 de
925 3142 1057 3212 sacculo
1067 3141 1310 3228 effundentem

281 3293 343 3360 seis
357 3292 457 3378 enim,
469 3290 559 3383 quod
574 3288 708 3387 epulum
722 3290 809 3378 dedi,
822 3306 855 3360 et
866 3292 962 3361 binos
975 3292 1136 3360 denarios.
1148 3292 1310 3377 Faciam,

277 3444 304 3511 si
329 3442 390 3509 libi
413 3440 555 3527 videtur,
578 3454 612 3509 et
639 3438 783 3509 triclinia
804 3439 929 3509 :facies
949 3455 982 3509 et
1008 3455 1114 3509 totum
1132 3439 1311 3535 populum,

277 3591 340 3658 sibi
356 3590 500 3659 suaviter
519 3588 704 3656 facientem.
731 3587 784 3657 Ad
808 3588 975 3657 dextemm
999 3613 1106 3657 meam
1124 3612 1230 3681 ponas
1252 3601 1312 3654 sta-

279 3753 371 3804 luam
385 3740 576 3805 Fortunatae
587 3760 683 3822 meae,
696 3698 884 3804 columbam
901 3728 1086 3819 tenentem
1104 3748 1137 3803 et
1147 3734 1311 3820 catellam,

278 3883 412 3977 cingulo
431 3883 618 3977 alligatam,
637 3883 758 3967 ducat;
784 3898 817 3952 et
835 3885 1031 3954 Ciceronem
1045 3909 1177 3972 meum;
1199 3898 1232 3952 et
1247 3908 1312 3951 am·

279 4038 402 4130 phoras
414 4034 577 4126 copiosas,
592 4046 762 4125 gypsam,
773 4055 816 4099 ne
826 4030 962 4100 effluant
979 4033 1094 4101 vinum
1107 4056 1115 4098 τ
1130 4045 1163 4099 et
1180 4054 1308 4115 urnam,
