2817 4684
254 368 308 423 136
386 320 390 327 ⁴
533 372 566 425 Τ.
587 369 769 424 PETRONII
786 369 1009 426 SATYRICON.
1059 321 1070 332 *

253 510 370 564 contra
387 511 588 590 praereptum
603 496 724 589 aliquis
748 509 900 565 nostrum
921 497 1087 564 transiret.
1110 497 1296 576 Ceterum,

255 654 293 706 ut
306 642 429 732 pariter
439 642 602 709 movimus
613 639 746 709 dexuos
760 663 907 734 gressus,
931 663 1045 707 servus
1062 637 1159 706 nobis
1176 637 1300 730 despo-

253 783 352 853 liatus
364 786 544 880 procubuit
554 783 756 879 antepedes,
774 799 808 852 et
819 808 937 876 rogare
946 785 1060 877 coepit,
1082 797 1120 850 ut
1135 807 1170 850 se
1188 805 1300 874 poenae

256 929 473 1021 eriperemus:
487 945 553 997 'nec
569 954 728 1022 magnum
746 953 815 1020 esse
832 942 1003 1022 peccatum
1021 951 1137 1010 suum,
1157 938 1302 1019 propter
1368 924 1369 932 ’

256 1073 347 1165 quod
366 1072 617 1166 periclitaretur.
635 1073 812 1167 ,Subducta
824 1074 913 1140 enim
933 1073 996 1140 sibi
1013 1045 1209 1140 vestimenta
1229 1068 1301 1135 dis·
1370 1099 1372 1176 ³,

255 1219 439 1310 pensatoris
456 1218 492 1284 in
511 1216 650 1304 balneo,
670 1217 808 1309 quoevix
823 1215 963 1283 fuissent
983 1239 1005 1282 x
1023 1217 1090 1284 HS.
1109 1213 1303 1282 Retulimus
1372 1246 1373 1258 κ

258 1387 337 1454 ergo
349 1360 481 1460 dentros
495 1359 613 1454 pedes,
628 1360 955 1454 dispensatoremque
965 1361 999 1427 in
1012 1360 1162 1453 precario
1179 1382 1307 1444 aureos¹
1373 1344 1374 1360 ¹

259 1519 487 1574 numerantem
506 1505 672 1598 deprecati
691 1530 824 1592 sumus,
845 1516 885 1574 ut'
907 1529 1001 1574 servo
1023 1505 1205 1572 remitteret
1229 1527 1304 1597 poe·

259 1673 348 1717 nam.
362 1649 530 1742 Superbus
552 1647 608 1718 ille
629 1647 761 1717 sustulit
771 1647 919 1734 vultum,
932 1663 984 1734 et,
1005 1688 1048 1701 -
1065 1649 1143 1717 Non
1164 1660 1233 1714 tam
1252 1646 1305 1738 ja-

260 1805 355 1861 ctura
371 1790 432 1887 [me
458 1805 584 1879 movet,
603 1793 729 1883 inquit,
754 1816 854 1885 quarn
883 1789 1081 1884 negligentia
1106 1791 1305 1884 nequissimi
1378 1827 1379 1832 κ

261 1937 356 2003 servi.
377 1937 582 2004 Vestimenta
600 1961 673 2004 mea
688 1936 852 2004 cubitoria
871 1935 1035 2030 perdidit,
1058 1959 1131 2028 quae
1146 1933 1229 2002 mihi
1249 1958 1308 2000 na·
1379 1923 1380 1930 ἵ

263 2078 320 2148 tali
332 2103 407 2147 meo
421 2077 522 2147 cliens
533 2079 670 2172 quidam
686 2079 889 2167 donaverat,
907 2081 1007 2172 Tyria
1024 2081 1095 2146 sine
1111 2078 1232 2166 dubio,
1244 2077 1306 2146 sed

259 2230 327 2314 jam
348 2223 447 2291 semel
469 2222 547 2292 lota.
561 2221 654 2310 Quid
667 2227 752 2316 'ergo
771 2221 844 2290 est?
864 2223 953 2292 dono
972 2223 1067 2290 vobis
1090 2247 1194 2292 reum.

472 2904 475 2913 ’
503 2904 507 2910 ’
610 2911 777 2978 CAPUT
807 2906 948 2976 XXXI.

315 3131 462 3223 Obligati
493 3146 560 3199 tam
593 3133 712 3225 grandi
743 3133 922 3219 beneficio,
954 3156 1058 3225 quum
1092 3134 1310 3200 intrassemus

267 3279 470 3367 triclinium,
491 3282 637 3349 occurrit
654 3250 750 3349 nobis
763 3279 818 3349 ille
836 3281 922 3349 idem
941 3306 1071 3368 servus,
1091 3307 1154 3374 pro
1172 3307 1240 3375 quo
1254 3307 1309 3349 ro-

269 3407 480 3516 garieramus,
496 3439 529 3492 et
542 3423 738 3518 spississima
747 3423 839 3519 basia
849 3426 1058 3519 stupentibus
1069 3427 1222 3520 impegit,
1238 3452 1310 3520 gra·

269 3574 331 3642 tias
357 3599 457 3667 agens
481 3573 680 3643 humanitati
699 3589 830 3643 nostra.
856 3614 900 3629 -
919 3575 970 3644 Ad
997 3601 1177 3663 summam,
1195 3578 1307 3644 statim

271 3726 398 3812 scietis,
413 3727 476 3812 ait,
496 3726 550 3793 eui
563 3683 720 3793 dederitis
734 3723 941 3792 beneficium.
960 3725 1088 3792 Vinum
1103 3725 1309 3794 dominicum

272 3875 504 3942 ministratoris
522 3877 628 3967 gratia
644 3851 702 3943 est.
727 3909 771 3927 -—
789 3871 937 3941 Tandem
956 3896 1035 3964 ergo
1055 3872 1283 3942 discubuimus
1298 3923 1311 3960 ,-

269 4025 382 4116 pueris
404 4020 625 4091 alexandrinis
644 4047 765 4114 aquam
782 4021 816 4088 in
837 4043 955 4088 manus
974 4020 1119 4087 nivatam
1130 4018 1313 4088 infunden-
