<?xml version="1.0" encoding="UTF-8"?>
<!DOCTYPE html PUBLIC "-//W3C//DTD XHTML 1.0 Transitional//EN"
    "http://www.w3.org/TR/xhtml1/DTD/xhtml1-transitional.dtd">
<html xmlns="http://www.w3.org/1999/xhtml" xml:lang="en" lang="en">
 <head>
  <title>
</title>
<meta http-equiv="Content-Type" content="text/html;charset=utf-8" />
  <meta name='ocr-system' content='tesseract 3.04.00' />
  <meta name='ocr-capabilities' content='ocr_page ocr_carea ocr_par ocr_line ocrx_word'/>
</head>
<body>
  <div class='ocr_page' id='page_1' title='image "./lesatyricondetp00conggoog_0127.png"; bbox 0 0 2817 4684; ppageno 0'>
   <div class='ocr_carea' id='block_1_1' title="bbox 270 379 1028 442">
    <p class='ocr_par' dir='ltr' id='par_1_1' title="bbox 270 379 1028 442">
     <span class='ocr_line' id='line_1_1' title="bbox 270 379 1028 442; baseline 0.003 -12"><span class='ocrx_word' id='word_1_1' title='bbox 270 383 329 442; x_wconf 70' lang='lat'><strong>114</strong></span> <span class='ocrx_word' id='word_1_2' title='bbox 363 404 367 410; x_wconf 59' lang='lat'><em>&gt;</em></span> <span class='ocrx_word' id='word_1_3' title='bbox 548 379 581 433; x_wconf 81' lang='lat' dir='ltr'><strong>T..</strong></span> <span class='ocrx_word' id='word_1_4' title='bbox 601 379 783 435; x_wconf 78' lang='lat' dir='ltr'><strong>rnrnonn</strong></span> <span class='ocrx_word' id='word_1_5' title='bbox 800 379 1028 436; x_wconf 76' lang='lat' dir='ltr'><strong>sn&#39;rYnlcou.</strong></span> 
     </span>
    </p>
   </div>
   <div class='ocr_carea' id='block_1_2' title="bbox 274 502 1384 1459">
    <p class='ocr_par' dir='ltr' id='par_1_2' title="bbox 274 502 1384 1028">
     <span class='ocr_line' id='line_1_2' title="bbox 274 502 1314 600; baseline 0.003 -31"><span class='ocrx_word' id='word_1_6' title='bbox 274 505 405 595; x_wconf 84' lang='lat' dir='ltr'>sparsit.</span> <span class='ocrx_word' id='word_1_7' title='bbox 417 502 604 600; x_wconf 79' lang='lat' dir='ltr'><strong>]Ascyltos,</strong></span> <span class='ocrx_word' id='word_1_8' title='bbox 612 506 682 596; x_wconf 86' lang='lat' dir='ltr'><strong>jam</strong></span> <span class='ocrx_word' id='word_1_9' title='bbox 690 505 863 574; x_wconf 88' lang='lat' dir='ltr'><strong>deficiente</strong></span> <span class='ocrx_word' id='word_1_10' title='bbox 875 502 1062 574; x_wconf 85' lang='lat' dir='ltr'><strong>fabularum</strong></span> <span class='ocrx_word' id='word_1_11' title='bbox 1076 519 1256 590; x_wconf 84' lang='lat' dir='ltr'><strong>contextu,</strong></span> <span class='ocrx_word' id='word_1_12' title='bbox 1272 544 1314 556; x_wconf 92' lang='lat'><em>-</em></span> 
     </span>
     <span class='ocr_line' id='line_1_3' title="bbox 274 646 1321 744; baseline 0.001 -29"><span class='ocrx_word' id='word_1_13' title='bbox 274 646 367 734; x_wconf 87' lang='lat' dir='ltr'>Quid</span> <span class='ocrx_word' id='word_1_14' title='bbox 384 647 484 740; x_wconf 77' lang='lat' dir='ltr'><strong>ergo?</strong></span> <span class='ocrx_word' id='word_1_15' title='bbox 499 651 626 741; x_wconf 91' lang='lat' dir='ltr'><strong>inquit,</strong></span> <span class='ocrx_word' id='word_1_16' title='bbox 640 673 710 717; x_wconf 88' lang='lat' dir='ltr'><strong>non</strong></span> <span class='ocrx_word' id='word_1_17' title='bbox 729 675 802 718; x_wconf 92' lang='lat' dir='ltr'><strong>sum</strong></span> <span class='ocrx_word' id='word_1_18' title='bbox 814 651 947 744; x_wconf 87' lang='lat' dir='ltr'><strong>dignus,</strong></span> <span class='ocrx_word' id='word_1_19' title='bbox 968 652 1025 743; x_wconf 90' lang='lat' dir='ltr'><strong>qui</strong></span> <span class='ocrx_word' id='word_1_20' title='bbox 1042 649 1179 717; x_wconf 82' lang='lat' dir='ltr'><strong>bibam?</strong></span> <span class='ocrx_word' id='word_1_21' title='bbox 1190 689 1234 702; x_wconf 94' lang='lat'><strong>-—</strong></span> <span class='ocrx_word' id='word_1_22' title='bbox 1248 651 1321 717; x_wconf 89' lang='lat' dir='ltr'><strong>An·</strong></span> 
     </span>
     <span class='ocr_line' id='line_1_4' title="bbox 275 775 1319 888; baseline 0.001 -29"><span class='ocrx_word' id='word_1_23' title='bbox 275 791 349 861; x_wconf 89' lang='lat' dir='ltr'><strong>oilla</strong></span> <span class='ocrx_word' id='word_1_24' title='bbox 370 794 439 860; x_wconf 91' lang='lat' dir='ltr'><strong>risu</strong></span> <span class='ocrx_word' id='word_1_25' title='bbox 455 817 528 861; x_wconf 93' lang='lat' dir='ltr'><strong>meo</strong></span> <span class='ocrx_word' id='word_1_26' title='bbox 547 792 699 886; x_wconf 89' lang='lat' dir='ltr'><strong>prodita,</strong></span> <span class='ocrx_word' id='word_1_27' title='bbox 722 793 896 888; x_wconf 75' lang='lat' dir='ltr'>complosit</span> <span class='ocrx_word' id='word_1_28' title='bbox 914 775 1049 880; x_wconf 80' lang='lat' dir='ltr'><strong>manus3</strong></span> <span class='ocrx_word' id='word_1_29' title='bbox 1066 809 1116 880; x_wconf 86' lang='lat' dir='ltr'><strong>et,</strong></span> <span class='ocrx_word' id='word_1_30' title='bbox 1135 834 1179 847; x_wconf 96' lang='lat'>-</span> <span class='ocrx_word' id='word_1_31' title='bbox 1199 795 1319 886; x_wconf 82' lang='lat' dir='ltr'><strong>Appo·</strong></span> 
     </span>
     <span class='ocr_line' id='line_1_5' title="bbox 276 935 1321 1028; baseline 0 -26"><span class='ocrx_word' id='word_1_32' title='bbox 276 937 326 1003; x_wconf 91' lang='lat' dir='ltr'><strong>sui</strong></span> <span class='ocrx_word' id='word_1_33' title='bbox 342 935 493 1028; x_wconf 91' lang='lat' dir='ltr'><strong>quidem,</strong></span> <span class='ocrx_word' id='word_1_34' title='bbox 508 938 636 1028; x_wconf 88' lang='lat' dir='ltr'><strong>inquit,</strong></span> <span class='ocrx_word' id='word_1_35' title='bbox 646 936 836 1006; x_wconf 85' lang='lat' dir='ltr'>adolescens</span> <span class='ocrx_word' id='word_1_36' title='bbox 847 963 855 1004; x_wconf 90' lang='lat'>:</span> <span class='ocrx_word' id='word_1_37' title='bbox 867 936 956 1005; x_wconf 91' lang='lat' dir='ltr'><strong>solus</strong></span> <span class='ocrx_word' id='word_1_38' title='bbox 969 951 1078 1005; x_wconf 88' lang='lat' dir='ltr'><strong>tamen</strong></span> <span class='ocrx_word' id='word_1_39' title='bbox 1094 935 1321 1004; x_wconf 89' lang='lat' dir='ltr'><strong>medicamen-</strong></span> 
     </span>
    </p>

    <p class='ocr_par' dir='ltr' id='par_1_3' title="bbox 275 1079 1384 1459">
     <span class='ocr_line' id='line_1_6' title="bbox 275 1079 1384 1175; baseline 0 -29"><span class='ocrx_word' id='word_1_40' title='bbox 275 1093 347 1146; x_wconf 87' lang='lat' dir='ltr'><strong>tum</strong></span> <span class='ocrx_word' id='word_1_41' title='bbox 372 1081 513 1150; x_wconf 84' lang='lat' dir='ltr'><strong>ebibisti.</strong></span> <span class='ocrx_word' id='word_1_42' title='bbox 533 1122 577 1135; x_wconf 98' lang='lat'>-</span> <span class='ocrx_word' id='word_1_43' title='bbox 595 1087 688 1151; x_wconf 85' lang='lat' dir='ltr'><strong>ltane</strong></span> <span class='ocrx_word' id='word_1_44' title='bbox 713 1097 777 1164; x_wconf 85' lang='lat' dir='ltr'><strong>est,</strong></span> <span class='ocrx_word' id='word_1_45' title='bbox 803 1084 913 1175; x_wconf 88' lang='lat' dir='ltr'><strong>inquit</strong></span> <span class='ocrx_word' id='word_1_46' title='bbox 941 1079 1123 1171; x_wconf 85' lang='lat' dir='ltr'><strong>Quartilla,</strong></span> <span class='ocrx_word' id='word_1_47' title='bbox 1148 1079 1320 1172; x_wconf 87' lang='lat' dir='ltr'><strong>quidquid</strong></span> <span class='ocrx_word' id='word_1_48' title='bbox 1383 1097 1384 1116; x_wconf 74' lang='lat'><em>²</em></span> 
     </span>
     <span class='ocr_line' id='line_1_7' title="bbox 276 1197 1384 1320; baseline -0.003 -27"><span class='ocrx_word' id='word_1_49' title='bbox 276 1226 388 1319; x_wconf 90' lang='lat' dir='ltr'><strong>satyrii</strong></span> <span class='ocrx_word' id='word_1_50' title='bbox 405 1225 486 1312; x_wconf 87' lang='lat' dir='ltr'><strong>fuit,</strong></span> <span class='ocrx_word' id='word_1_51' title='bbox 507 1224 687 1320; x_wconf 87' lang='lat' dir='ltr'><strong>Encolpius</strong></span> <span class='ocrx_word' id='word_1_52' title='bbox 707 1225 976 1294; x_wconf 70' lang='lat' dir='ltr'><strong>ebibat-Non</strong></span> <span class='ocrx_word' id='word_1_53' title='bbox 995 1197 1161 1293; x_wconf 85' lang='lat' dir='ltr'><strong>indecenti</strong></span> <span class='ocrx_word' id='word_1_54' title='bbox 1180 1227 1251 1292; x_wconf 91' lang='lat' dir='ltr'><strong>risu</strong></span> <span class='ocrx_word' id='word_1_55' title='bbox 1271 1223 1320 1290; x_wconf 88' lang='lat' dir='ltr'><strong>la·</strong></span> <span class='ocrx_word' id='word_1_56' title='bbox 1383 1263 1384 1274; x_wconf 30' lang='grc' dir='ltr'><strong>κ</strong></span> 
     </span>
     <span class='ocr_line' id='line_1_8' title="bbox 276 1365 1319 1459; baseline -0.004 -24"><span class='ocrx_word' id='word_1_57' title='bbox 276 1382 346 1435; x_wconf 90' lang='lat' dir='ltr'><strong>tera</strong></span> <span class='ocrx_word' id='word_1_58' title='bbox 360 1369 549 1434; x_wconf 89' lang='lat' dir='ltr'><strong>commovit.</strong></span> <span class='ocrx_word' id='word_1_59' title='bbox 566 1372 612 1436; x_wconf 80' lang='lat' dir='ltr'><strong>Ac</strong></span> <span class='ocrx_word' id='word_1_60' title='bbox 622 1391 664 1434; x_wconf 92' lang='lat' dir='ltr'><strong>ne</strong></span> <span class='ocrx_word' id='word_1_61' title='bbox 678 1368 784 1436; x_wconf 89' lang='lat' dir='ltr'><strong>Giton</strong></span> <span class='ocrx_word' id='word_1_62' title='bbox 796 1366 932 1459; x_wconf 92' lang='lat' dir='ltr'><strong>quidem</strong></span> <span class='ocrx_word' id='word_1_63' title='bbox 947 1365 1065 1434; x_wconf 88' lang='lat' dir='ltr'><strong>ultimo</strong></span> <span class='ocrx_word' id='word_1_64' title='bbox 1078 1368 1183 1434; x_wconf 93' lang='lat' dir='ltr'><strong>risum</strong></span> <span class='ocrx_word' id='word_1_65' title='bbox 1197 1367 1319 1450; x_wconf 88' lang='lat' dir='ltr'><strong>tenuit,</strong></span> 
     </span>
    </p>
   </div>
   <div class='ocr_carea' id='block_1_3' title="bbox 278 1509 1322 1603">
    <p class='ocr_par' dir='ltr' id='par_1_4' title="bbox 278 1509 1322 1603">
     <span class='ocr_line' id='line_1_9' title="bbox 278 1509 1322 1603; baseline -0.001 -27"><span class='ocrx_word' id='word_1_66' title='bbox 278 1511 393 1602; x_wconf 91' lang='lat' dir='ltr'><strong>utique</strong></span> <span class='ocrx_word' id='word_1_67' title='bbox 417 1525 591 1603; x_wconf 82' lang='lat' dir='ltr'><strong>postquam</strong></span> <span class='ocrx_word' id='word_1_68' title='bbox 613 1509 812 1602; x_wconf 79' lang='lat' dir='ltr'><strong>virguncula</strong></span> <span class='ocrx_word' id='word_1_69' title='bbox 837 1512 997 1579; x_wconf 90' lang='lat' dir='ltr'><strong>cervicem</strong></span> <span class='ocrx_word' id='word_1_70' title='bbox 1029 1512 1099 1603; x_wconf 90' lang='lat' dir='ltr'><strong>ejus&#39;</strong></span> <span class='ocrx_word' id='word_1_71' title='bbox 1126 1512 1266 1596; x_wconf 84' lang='lat' dir='ltr'><strong>invasit,</strong></span> <span class='ocrx_word' id='word_1_72' title='bbox 1289 1523 1322 1576; x_wconf 89' lang='lat' dir='ltr'><strong>et</strong></span> 
     </span>
    </p>
   </div>
   <div class='ocr_carea' id='block_1_4' title="bbox 278 1652 1205 1748">
    <p class='ocr_par' dir='ltr' id='par_1_5' title="bbox 278 1652 1205 1748">
     <span class='ocr_line' id='line_1_10' title="bbox 278 1652 1205 1748; baseline 0.001 -29"><span class='ocrx_word' id='word_1_73' title='bbox 278 1677 345 1720; x_wconf 92' lang='lat' dir='ltr'><strong>non</strong></span> <span class='ocrx_word' id='word_1_74' title='bbox 366 1656 565 1747; x_wconf 83' lang='lat' dir='ltr'><strong>repugnanti</strong></span> <span class='ocrx_word' id='word_1_75' title='bbox 583 1679 687 1748; x_wconf 89' lang='lat' dir='ltr'><strong>puero</strong></span> <span class='ocrx_word' id='word_1_76' title='bbox 704 1654 960 1723; x_wconf 86' lang='lat' dir='ltr'><strong>innumerabilia</strong></span> <span class='ocrx_word' id='word_1_77' title='bbox 975 1653 1088 1722; x_wconf 88' lang='lat' dir='ltr'><strong>oscula</strong></span> <span class='ocrx_word' id='word_1_78' title='bbox 1103 1652 1205 1721; x_wconf 87' lang='lat' dir='ltr'><strong>dedit.</strong></span> 
     </span>
    </p>
   </div>
   <div class='ocr_carea' id='block_1_5' title="bbox 650 1943 947 2010">
    <p class='ocr_par' dir='ltr' id='par_1_6' title="bbox 650 1943 947 2010">
     <span class='ocr_line' id='line_1_11' title="bbox 650 1943 947 2010; baseline -0.01 0"><span class='ocrx_word' id='word_1_79' title='bbox 650 1943 811 2010; x_wconf 80' lang='lat' dir='ltr'><strong>CAPUT</strong></span> <span class='ocrx_word' id='word_1_80' title='bbox 843 1943 947 2010; x_wconf 86' lang='lat' dir='ltr'>XXI.</span> 
     </span>
    </p>
   </div>
   <div class='ocr_carea' id='block_1_6' title="bbox 254 2191 1384 3970">
    <p class='ocr_par' dir='ltr' id='par_1_7' title="bbox 254 2191 1384 3036">
     <span class='ocr_line' id='line_1_12' title="bbox 330 2191 1384 2294; baseline -0.003 -33"><span class='ocrx_word' id='word_1_81' title='bbox 330 2191 530 2261; x_wconf 85' lang='lat' dir='ltr'><strong>Volebamus</strong></span> <span class='ocrx_word' id='word_1_82' title='bbox 547 2195 657 2262; x_wconf 92' lang='lat' dir='ltr'><strong>miseri</strong></span> <span class='ocrx_word' id='word_1_83' title='bbox 675 2193 872 2282; x_wconf 84' lang='lat' dir='ltr'><strong>exclamare,</strong></span> <span class='ocrx_word' id='word_1_84' title='bbox 894 2192 950 2262; x_wconf 91' lang='lat' dir='ltr'><strong>sed</strong></span> <span class='ocrx_word' id='word_1_85' title='bbox 970 2219 1029 2262; x_wconf 90' lang='lat' dir='ltr'><strong>nec</strong></span> <span class='ocrx_word' id='word_1_86' title='bbox 1053 2195 1088 2261; x_wconf 93' lang='lat' dir='ltr'><strong>in</strong></span> <span class='ocrx_word' id='word_1_87' title='bbox 1107 2193 1230 2262; x_wconf 84' lang='lat' dir='ltr'><strong>auxilio</strong></span> <span class='ocrx_word' id='word_1_88' title='bbox 1251 2207 1323 2261; x_wconf 88' lang='lat' dir='ltr'><strong>erat</strong></span> <span class='ocrx_word' id='word_1_89' title='bbox 1383 2227 1384 2294; x_wconf 59' lang='lat' dir='ltr'><strong>q</strong></span> 
     </span>
     <span class='ocr_line' id='line_1_13' title="bbox 280 2336 1324 2430; baseline -0.004 -27"><span class='ocrx_word' id='word_1_90' title='bbox 280 2337 476 2428; x_wconf 87' lang='lat' dir='ltr'><strong>quisquam,</strong></span> <span class='ocrx_word' id='word_1_91' title='bbox 492 2351 525 2405; x_wconf 90' lang='lat' dir='ltr'><strong>et</strong></span> <span class='ocrx_word' id='word_1_92' title='bbox 543 2336 623 2405; x_wconf 89' lang='lat' dir='ltr'><strong>hinc</strong></span> <span class='ocrx_word' id='word_1_93' title='bbox 639 2337 766 2430; x_wconf 83' lang='lat' dir='ltr'><strong>Psyche</strong></span> <span class='ocrx_word' id='word_1_94' title='bbox 781 2363 842 2419; x_wconf 88' lang='lat' dir='ltr'><strong>acu</strong></span> <span class='ocrx_word' id='word_1_95' title='bbox 860 2339 1058 2423; x_wconf 86' lang='lat' dir='ltr'><strong>comatoria,</strong></span> <span class='ocrx_word' id='word_1_96' title='bbox 1074 2338 1222 2430; x_wconf 85' lang='lat' dir='ltr'><strong>cupienti</strong></span> <span class='ocrx_word' id='word_1_97' title='bbox 1239 2336 1324 2403; x_wconf 90' lang='lat' dir='ltr'><strong>mihi</strong></span> 
     </span>
     <span class='ocr_line' id='line_1_14' title="bbox 282 2467 1324 2575; baseline 0.001 -29"><span class='ocrx_word' id='word_1_98' title='bbox 282 2481 437 2548; x_wconf 88' lang='lat' dir='ltr'><strong>invocare</strong></span> <span class='ocrx_word' id='word_1_99' title='bbox 455 2481 639 2568; x_wconf 86' lang='lat' dir='ltr'><strong>Quiritium</strong></span> <span class='ocrx_word' id='word_1_100' title='bbox 654 2467 770 2568; x_wconf 84' lang='lat' dir='ltr'><strong>fidem,</strong></span> <span class='ocrx_word' id='word_1_101' title='bbox 786 2481 888 2551; x_wconf 91' lang='lat' dir='ltr'><strong>malas</strong></span> <span class='ocrx_word' id='word_1_102' title='bbox 903 2482 1088 2575; x_wconf 81' lang='lat' dir='ltr'><strong>pungebat3</strong></span> <span class='ocrx_word' id='word_1_103' title='bbox 1108 2481 1199 2551; x_wconf 89' lang='lat' dir='ltr'><strong>illinc</strong></span> <span class='ocrx_word' id='word_1_104' title='bbox 1213 2481 1324 2574; x_wconf 88' lang='lat' dir='ltr'><strong>puella</strong></span> 
     </span>
     <span class='ocr_line' id='line_1_15' title="bbox 282 2622 1384 2740; baseline 0 -47"><span class='ocrx_word' id='word_1_105' title='bbox 282 2622 456 2717; x_wconf 88' lang='lat' dir='ltr'><strong>penicillo,</strong></span> <span class='ocrx_word' id='word_1_106' title='bbox 474 2625 564 2717; x_wconf 91' lang='lat' dir='ltr'><strong>quod</strong></span> <span class='ocrx_word' id='word_1_107' title='bbox 583 2641 617 2694; x_wconf 92' lang='lat' dir='ltr'><strong>et</strong></span> <span class='ocrx_word' id='word_1_108' title='bbox 633 2628 742 2720; x_wconf 89' lang='lat' dir='ltr'><strong>ipsum</strong></span> <span class='ocrx_word' id='word_1_109' title='bbox 765 2629 887 2720; x_wconf 82' lang='lat' dir='ltr'><strong>satyrio</strong></span> <span class='ocrx_word' id='word_1_110' title='bbox 909 2630 1066 2712; x_wconf 87' lang='lat' dir='ltr'><strong>tinxerat,</strong></span> <span class='ocrx_word' id='word_1_111' title='bbox 1085 2625 1245 2718; x_wconf 82' lang='lat' dir='ltr'><strong>Ascylton</strong></span> <span class='ocrx_word' id='word_1_112' title='bbox 1264 2652 1323 2718; x_wconf 92' lang='lat' dir='ltr'><strong>op·</strong></span> <span class='ocrx_word' id='word_1_113' title='bbox 1383 2653 1384 2740; x_wconf 60' lang='lat' dir='ltr'><strong>q</strong></span> 
     </span>
     <span class='ocr_line' id='line_1_16' title="bbox 281 2766 1324 2863; baseline 0.001 -29"><span class='ocrx_word' id='word_1_114' title='bbox 281 2767 454 2860; x_wconf 90' lang='lat' dir='ltr'><strong>primebat.</strong></span> <span class='ocrx_word' id='word_1_115' title='bbox 481 2766 608 2840; x_wconf 86' lang='lat' dir='ltr'><strong>Ultimo</strong></span> <span class='ocrx_word' id='word_1_116' title='bbox 629 2769 774 2837; x_wconf 83' lang='lat' dir='ltr'><strong>cinaedus</strong></span> <span class='ocrx_word' id='word_1_117' title='bbox 789 2772 994 2862; x_wconf 88' lang='lat' dir='ltr'><strong>supervenit,</strong></span> <span class='ocrx_word' id='word_1_118' title='bbox 1020 2785 1145 2863; x_wconf 85' lang='lat' dir='ltr'><strong>myrtea</strong></span> <span class='ocrx_word' id='word_1_119' title='bbox 1162 2771 1324 2838; x_wconf 88' lang='lat' dir='ltr'><strong>suborna-</strong></span> 
     </span>
     <span class='ocr_line' id='line_1_17' title="bbox 254 2909 1323 3024; baseline -0.001 -47"><span class='ocrx_word' id='word_1_120' title='bbox 254 2923 335 3008; x_wconf 30' lang='lat' dir='ltr'><strong>,tus</strong></span> <span class='ocrx_word' id='word_1_121' title='bbox 361 2911 561 3004; x_wconf 83' lang='lat' dir='ltr'><strong>gausapina,</strong></span> <span class='ocrx_word' id='word_1_122' title='bbox 594 2910 795 3004; x_wconf 91' lang='lat' dir='ltr'><strong>cinguloque</strong></span> <span class='ocrx_word' id='word_1_123' title='bbox 824 2913 1029 2998; x_wconf 87' lang='lat' dir='ltr'><strong>succinctus,</strong></span> <span class='ocrx_word' id='word_1_124' title='bbox 1061 2909 1323 3024; x_wconf 66' lang='lat' dir='ltr'><strong>modoextortis</strong></span> 
     </span>
    </p>

    <p class='ocr_par' dir='ltr' id='par_1_8' title="bbox 255 3031 1384 3970">
     <span class='ocr_line' id='line_1_18' title="bbox 282 3031 1323 3149; baseline 0 -27"><span class='ocrx_word' id='word_1_125' title='bbox 282 3080 343 3122; x_wconf 92' lang='lat' dir='ltr'><strong>nos</strong></span> <span class='ocrx_word' id='word_1_126' title='bbox 359 3054 513 3122; x_wconf 90' lang='lat' dir='ltr'><strong>clunibus</strong></span> <span class='ocrx_word' id='word_1_127' title='bbox 530 3055 664 3142; x_wconf 84' lang='lat' dir='ltr'><strong>cecidit,</strong></span> <span class='ocrx_word' id='word_1_128' title='bbox 683 3055 782 3124; x_wconf 92' lang='lat' dir='ltr'><strong>modo</strong></span> <span class='ocrx_word' id='word_1_129' title='bbox 796 3056 896 3126; x_wconf 92' lang='lat' dir='ltr'><strong>basiis</strong></span> <span class='ocrx_word' id='word_1_130' title='bbox 913 3054 1100 3124; x_wconf 88' lang='lat' dir='ltr'><strong>olidissimis</strong></span> <span class='ocrx_word' id='word_1_131' title='bbox 1119 3031 1323 3149; x_wconf 87' lang='lat' dir='ltr'><strong>inquinavit;</strong></span> 
     </span>
     <span class='ocr_line' id='line_1_19' title="bbox 283 3188 1384 3306; baseline 0 -48"><span class='ocrx_word' id='word_1_132' title='bbox 283 3191 388 3258; x_wconf 89' lang='lat' dir='ltr'><strong>donec</strong></span> <span class='ocrx_word' id='word_1_133' title='bbox 405 3189 571 3277; x_wconf 87' lang='lat' dir='ltr'><strong>Quartilla</strong></span> <span class='ocrx_word' id='word_1_134' title='bbox 590 3188 786 3258; x_wconf 85' lang='lat' dir='ltr'><strong>balaenatam</strong></span> <span class='ocrx_word' id='word_1_135' title='bbox 807 3206 923 3260; x_wconf 86' lang='lat' dir='ltr'><strong>tenens</strong></span> <span class='ocrx_word' id='word_1_136' title='bbox 940 3193 1088 3283; x_wconf 87' lang='lat' dir='ltr'><strong>virgam,</strong></span> <span class='ocrx_word' id='word_1_137' title='bbox 1105 3190 1236 3283; x_wconf 89' lang='lat' dir='ltr'><strong>alteque</strong></span> <span class='ocrx_word' id='word_1_138' title='bbox 1255 3216 1322 3260; x_wconf 90' lang='lat' dir='ltr'><strong>suc·</strong></span> <span class='ocrx_word' id='word_1_139' title='bbox 1383 3229 1384 3306; x_wconf 47' lang='lat' dir='ltr'><strong>q</strong></span> 
     </span>
     <span class='ocr_line' id='line_1_20' title="bbox 255 3312 1322 3422; baseline -0.004 -27"><span class='ocrx_word' id='word_1_140' title='bbox 255 3312 258 3324; x_wconf 42' lang='lat'>⁸</span> <span class='ocrx_word' id='word_1_141' title='bbox 283 3330 407 3416; x_wconf 88' lang='lat' dir='ltr'><strong>cincta,</strong></span> <span class='ocrx_word' id='word_1_142' title='bbox 432 3328 530 3422; x_wconf 83' lang='lat' dir='ltr'><strong>jussit</strong></span> <span class='ocrx_word' id='word_1_143' title='bbox 553 3328 740 3398; x_wconf 87' lang='lat' dir='ltr'><strong>infelicibus</strong></span> <span class='ocrx_word' id='word_1_144' title='bbox 763 3329 835 3397; x_wconf 87' lang='lat' dir='ltr'><strong>dari</strong></span> <span class='ocrx_word' id='word_1_145' title='bbox 863 3330 1064 3397; x_wconf 90' lang='lat' dir='ltr'><strong>missionem.</strong></span> <span class='ocrx_word' id='word_1_146' title='bbox 1092 3331 1241 3420; x_wconf 90' lang='lat' dir='ltr'><strong>Uterque</strong></span> <span class='ocrx_word' id='word_1_147' title='bbox 1265 3351 1322 3394; x_wconf 91' lang='lat' dir='ltr'><strong>no·</strong></span> 
     </span>
     <span class='ocr_line' id='line_1_21' title="bbox 283 3465 1384 3566; baseline -0.001 -34"><span class='ocrx_word' id='word_1_148' title='bbox 283 3480 387 3533; x_wconf 89' lang='lat' dir='ltr'><strong>strum</strong></span> <span class='ocrx_word' id='word_1_149' title='bbox 405 3465 656 3558; x_wconf 91' lang='lat' dir='ltr'><strong>religiosissimis</strong></span> <span class='ocrx_word' id='word_1_150' title='bbox 672 3467 798 3558; x_wconf 91' lang='lat' dir='ltr'><strong>juravit</strong></span> <span class='ocrx_word' id='word_1_151' title='bbox 815 3466 942 3552; x_wconf 86' lang='lat' dir='ltr'><strong>verbis,</strong></span> <span class='ocrx_word' id='word_1_152' title='bbox 961 3467 1047 3532; x_wconf 92' lang='lat' dir='ltr'><strong>inter</strong></span> <span class='ocrx_word' id='word_1_153' title='bbox 1066 3491 1127 3532; x_wconf 90' lang='lat' dir='ltr'><strong>nos</strong></span> <span class='ocrx_word' id='word_1_154' title='bbox 1137 3465 1321 3558; x_wconf 89' lang='lat' dir='ltr'><strong>periturum</strong></span> <span class='ocrx_word' id='word_1_155' title='bbox 1383 3511 1384 3566; x_wconf 20' lang='grc' dir='ltr'>ἦ</span> 
     </span>
     <span class='ocr_line' id='line_1_22' title="bbox 283 3600 1322 3696; baseline -0.001 -27"><span class='ocrx_word' id='word_1_156' title='bbox 283 3625 352 3669; x_wconf 90' lang='lat' dir='ltr'><strong>esse</strong></span> <span class='ocrx_word' id='word_1_157' title='bbox 387 3615 454 3669; x_wconf 89' lang='lat' dir='ltr'><strong>tam</strong></span> <span class='ocrx_word' id='word_1_158' title='bbox 491 3600 651 3670; x_wconf 88' lang='lat' dir='ltr'><strong>horribile</strong></span> <span class='ocrx_word' id='word_1_159' title='bbox 682 3618 854 3672; x_wconf 91' lang='lat' dir='ltr'><strong>secretum.</strong></span> <span class='ocrx_word' id='word_1_160' title='bbox 891 3604 1106 3670; x_wconf 84' lang='lat' dir='ltr'><strong>Intraverunt</strong></span> <span class='ocrx_word' id='word_1_161' title='bbox 1140 3600 1322 3696; x_wconf 84' lang='lat' dir='ltr'><strong>palaestritae</strong></span> 
     </span>
     <span class='ocr_line' id='line_1_23' title="bbox 285 3736 1384 3846; baseline 0 -42"><span class='ocrx_word' id='word_1_162' title='bbox 285 3736 512 3830; x_wconf 86' lang='lat' dir='ltr'><strong>quamplures,</strong></span> <span class='ocrx_word' id='word_1_163' title='bbox 530 3751 563 3806; x_wconf 90' lang='lat' dir='ltr'><strong>et</strong></span> <span class='ocrx_word' id='word_1_164' title='bbox 580 3762 641 3806; x_wconf 93' lang='lat' dir='ltr'><strong>nos</strong></span> <span class='ocrx_word' id='word_1_165' title='bbox 659 3738 806 3831; x_wconf 92' lang='lat' dir='ltr'><strong>legitimo</strong></span> <span class='ocrx_word' id='word_1_166' title='bbox 824 3737 974 3832; x_wconf 86' lang='lat' dir='ltr'><strong>perfusos</strong></span> <span class='ocrx_word' id='word_1_167' title='bbox 992 3737 1064 3806; x_wconf 93' lang='lat' dir='ltr'><strong>oleo</strong></span> <span class='ocrx_word' id='word_1_168' title='bbox 1091 3739 1320 3808; x_wconf 86' lang='lat' dir='ltr'><strong>refricuerunt.</strong></span> <span class='ocrx_word' id='word_1_169' title='bbox 1383 3791 1384 3846; x_wconf 40' lang='lat' dir='ltr'><strong>q</strong></span> 
     </span>
     <span class='ocr_line' id='line_1_24' title="bbox 284 3859 1384 3970; baseline -0.001 -29"><span class='ocrx_word' id='word_1_170' title='bbox 284 3875 464 3965; x_wconf 87' lang='lat' dir='ltr'><strong>Utcunque</strong></span> <span class='ocrx_word' id='word_1_171' title='bbox 484 3875 587 3966; x_wconf 90' lang='lat' dir='ltr'><strong>igitur</strong></span> <span class='ocrx_word' id='word_1_172' title='bbox 607 3873 800 3942; x_wconf 88' lang='lat' dir='ltr'><strong>lassitudine</strong></span> <span class='ocrx_word' id='word_1_173' title='bbox 830 3874 975 3966; x_wconf 80' lang='lat' dir='ltr'><strong>abjecta,</strong></span> <span class='ocrx_word' id='word_1_174' title='bbox 1004 3877 1184 3944; x_wconf 89' lang='lat' dir='ltr'><strong>coenatoria</strong></span> <span class='ocrx_word' id='word_1_175' title='bbox 1205 3877 1321 3970; x_wconf 90' lang='lat' dir='ltr'><strong>repeti·</strong></span> <span class='ocrx_word' id='word_1_176' title='bbox 1383 3859 1384 3940; x_wconf 62' lang='lat' dir='ltr'><strong>l</strong></span> 
     </span>
    </p>
   </div>
   <div class='ocr_carea' id='block_1_7' title="bbox 284 4009 1322 4106">
    <p class='ocr_par' dir='ltr' id='par_1_9' title="bbox 284 4009 1384 4118">
     <span class='ocr_line' id='line_1_25' title="bbox 284 4009 1322 4106; baseline 0.002 -30"><span class='ocrx_word' id='word_1_177' title='bbox 284 4034 374 4094; x_wconf 87' lang='lat' dir='ltr'><strong>mus,</strong></span> <span class='ocrx_word' id='word_1_178' title='bbox 392 4025 425 4076; x_wconf 89' lang='lat' dir='ltr'><strong>et</strong></span> <span class='ocrx_word' id='word_1_179' title='bbox 444 4012 478 4078; x_wconf 92' lang='lat' dir='ltr'><strong>in</strong></span> <span class='ocrx_word' id='word_1_180' title='bbox 499 4012 682 4103; x_wconf 86' lang='lat' dir='ltr'><strong>proximam</strong></span> <span class='ocrx_word' id='word_1_181' title='bbox 704 4009 819 4078; x_wconf 84' lang='lat' dir='ltr'><strong>cellam</strong></span> <span class='ocrx_word' id='word_1_182' title='bbox 844 4009 935 4078; x_wconf 88' lang='lat' dir='ltr'><strong>ducti</strong></span> <span class='ocrx_word' id='word_1_183' title='bbox 960 4035 1091 4099; x_wconf 89' lang='lat' dir='ltr'><strong>sumus;</strong></span> <span class='ocrx_word' id='word_1_184' title='bbox 1115 4013 1149 4079; x_wconf 96' lang='lat' dir='ltr'><strong>in</strong></span> <span class='ocrx_word' id='word_1_185' title='bbox 1177 4038 1244 4106; x_wconf 88' lang='lat' dir='ltr'><strong>qua</strong></span> <span class='ocrx_word' id='word_1_186' title='bbox 1261 4030 1322 4082; x_wconf 89' lang='lat' dir='ltr'><strong>tres</strong></span> 
     </span>
    </p>
   </div>
   <div class='ocr_carea' id='block_1_8' title="bbox 0 0 1423 4684">
    <p class='ocr_par' dir='ltr' id='par_1_10' title="bbox 0 0 1423 4684">
     <span class='ocr_line' id='line_1_26' title="bbox 0 0 1423 4684; baseline 0 0"><span class='ocrx_word' id='word_1_187' title='bbox 0 0 1423 4684; x_wconf 95' lang='lat' dir='ltr'><strong> </strong></span> 
     </span>
    </p>
   </div>
  </div>
 </body>
</html>
