2817 4684
258 342 295 405 84
536 342 570 396 Τ.
590 337 772 396 PETRONH
794 339 1021 397 SATYRICON.

226 556 228 562 Ι
258 483 323 552 tur,
341 480 377 534 et
393 465 429 536 iu
451 463 620 534 castellum
642 488 831 558 pervenere.
854 464 1051 551 Aberamus3'
1070 487 1147 534 nam
1173 468 1305 557 Lycur·

257 633 319 702 gus
343 607 385 676 ad
407 606 567 676 Herculea
595 631 704 692 sacra,
726 633 800 700 quae
819 605 1071 676 celebrabantur
1088 607 1122 674 in
1141 607 1307 701 oppidulo

256 754 385 839 vicino,
403 777 463 820 uos
479 752 627 820 duxerat.
649 751 751 839 Quod
772 767 810 820 ut
828 749 1079 837 intellexerunt,
1101 753 1235 820 obviarn
1248 778 1307 818 ve-

258 912 381 966 nerunt
400 895 550 983 veloces,
570 911 603 964 et
628 898 663 964 in
681 898 814 989 porticu
838 893 951 989 templi
968 910 1194 964 occurrerunt.
1213 897 1306 986 Qui·

257 1034 319 1108 bns
344 1042 543 1134 conspectis,
574 1039 671 1107 valde
697 1040 822 1108 turbati
850 1038 973 1107 suimus
996 1041 1130 1130 :Lycas
1154 1038 1195 1107 de
1223 1038 1306 1132 fuga
1389 1097 1390 1120 2

256 1340 324 1394 tam
343 1328 522 1394 constricta
540 1325 650 1394 fronte
663 1325 797 1419 altoque
809 1323 984 1419 supercilio
996 1339 1150 1419 exceptus
1167 1325 1250 1412 fuit,
1265 1341 1305 1394 ut

147 1194 151 1198 ’
256 1195 370 1250 nostra
386 1180 684 1276 apud'Lycurgum
702 1180 913 1250 vehementer
930 1194 1129 1272 conquestus
1148 1195 1207 1249 est.
1235 1181 1305 1252 Sed
1389 1223 1390 1240 2

256 1493 336 1562 ogo,
361 1470 519 1542 audacior
535 1470 660 1557 factus,
679 1463 795 1563 gravia
811 1486 844 1540 ot
865 1467 976 1564 turpia
994 1471 1116 1564 probra
1135 1469 1201 1538 alta
1219 1497 1305 1540 voce

253 1611 318 1703 jeci
340 1613 375 1678 in
396 1611 466 1702 ejus
486 1609 680 1678 libidinosos
703 1609 861 1704 impetus,
882 1624 953 1678 tum
979 1611 1013 1676 in
1041 1612 1203 1704 Lycurgi,
1228 1625 1304 1680 tum
1375 1655 1377 1658 -

256 1755 291 1820 in
305 1754 448 1848 propriis
464 1752 605 1840 aedibus,
620 1753 656 1820 in
670 1777 724 1822 me
738 1749 842 1821 factos
856 1777 864 1820 t
882 1765 915 1820 et
928 1751 1114 1845 Tryphaena
1125 1750 1304 1820 obluctans
1389 1743 1390 1752 ¹

256 1897 354 1965 etiam
380 1916 495 1992 poenas
520 1895 629 1984 dedit,
655 1919 708 1967 me
733 1894 974 1990 turpitudinem
999 1895 1069 1988 ejus
1097 1897 1304 1991 praedicante

256 2041 488 2127 concionibus,
508 2065 582 2133 quai
595 2040 639 2110 ad
649 2038 828 2112 clamorem
839 2039 1083 2129 confluxerant,
1103 2057 1152 2128 et,
1171 2067 1233 2134 pro
1245 2068 1304 2110 ve·
1389 2019 1390 2076 i

255 2192 362 2258 ritatis
379 2204 596 2283 argumento,
616 2190 742 2258 Gitona
764 2207 958 2274 exsuccum,
979 2213 1114 2282 meque,
1137 2190 1303 2281 tentigine

241 2336 436 2405 'meretricis
465 2351 760 2430 propemedum,
795 2335 985 2429 prodebam.
1017 2335 1070 2404 Ad
1099 2337 1301 2404 concionum

227 2487 345 2555 risus·
362 2487 488 2557 inimici
513 2487 729 2580 obstupuere,
757 2471 948 2580 moes'tique,
977 2483 1172 2554 meditantes
1198 2483 1302 2551 ultio·
1389 2567 1390 2578 p

256 2657 348 2718 nem,
366 2647 582 2702 recesserunt.
598 2633 647 2699 Ut
665 2653 745 2724 ergo
765 2633 908 2726 Lycurgi
926 2631 1076 2698 animum
1099 2645 1261 2698 notarunt
1279 2655 1304 2697 a

256 2780 352 2849 nobis
370 2801 439 2850 esse
455 2781 734 2866 circumventum,
765 2779 854 2846 domi
880 2803 956 2848 eum
973 2793 1161 2872 exspectare
1182 2775 1300 2846 volue-

255 2945 350 3018 runt,
371 2945 409 2997 ut
426 2931 469 2996 ab
492 2954 603 2997 errore
621 2942 818 2996 averterent.
839 2924 1013 2995 Solemniis
1031 2925 1157 2995 tardius
1176 2925 1301 3013 finitis,
1389 2919 1390 3012 i

255 3075 536 3170 castellumadire
554 3101 624 3149 non
642 3075 833 3168 potuimus,
862 3088 894 3140 et
914 3076 1086 3167 Lycurgus
1103 3075 1139 3141 iu
1167 3071 1300 3161 villam,

255 3225 364 3294 medio
386 3225 503 3292 itinere
527 3224 721 3308 distantem,
743 3245 804 3289 nos
826 3221 1000 3307 conduxit,
1030 3235 1228 3320 posteroque
1244 3221 1301 3289 die

255 3373 365 3442 adhuc
384 3373 584 3442 dormientes
602 3369 756 3463 reliquit,
769 3367 938 3436 castellum
954 3369 1117 3462 petiturus
1135 3369 1177 3437 ad
1194 3394 1297 3462 nego·

256 3526 301 3592 tia
315 3522 540 3617 expedienda.
559 3521 611 3589 lbi
634 3523 758 3612 Lycam
779 3519 1066 3612 Trypbaenamque
1090 3519 1218 3586 invenit
1243 3544 1302 3587 ex-

254 3654 457 3765 spectantes,
475 3670 532 3762 qui
563 3683 631 3736 tam
658 3665 779 3734 blande
804 3689 880 3733 eum
899 3663 1034 3732 allocuti
1060 3677 1159 3751 sunt,
1178 3679 1216 3732 ut
1235 3689 1300 3734 nos

255 3822 321 3888 suis
344 3817 497 3887 manibus
515 3819 684 3909 imponere
702 3838 778 3882 eum
804 3811 1023 3880 incitaverint.
1050 3814 1221 3905 Lyeurgus
1239 3841 1301 3882 na-

254 3984 329 4037 tura
348 3965 512 4052 crudelis,
532 3978 565 4032 et
581 3963 680 4041 fidem
697 3984 827 4028 servare
844 3960 991 4046 nescius,
1010 3983 1076 4052 qua
1093 3961 1221 4030 ratione
1237 3987 1300 4030 nos
