2817 4684
254 401 310 461 156
525 408 558 464 Τ.
579 408 761 466 PETRONII
781 409 1010 468 sttrutcou.

579 655 748 734 CAPUT
781 661 961 734 XXXIX.

315 894 540 991 Interpellavit
564 911 631 966 tarn
660 896 773 970 dulces
800 883 926 969 fabulas
951 897 1182 971 Trimalchio:
1215 925 1297 971 nam
1385 911 1386 932 ³

248 1044 319 1137 jam
334 1042 502 1114 sublatum
519 1059 591 1113 erat
606 1039 785 1133 ferculum,
803 1044 991 1141 hilaresque
1016 1047 1164 1117 couvivae
1191 1048 1298 1134 vino,
1385 1115 1386 1146 3

252 1186 526 1280 sermonibusque
538 1185 715 1280 publicatis
729 1213 864 1282 operam
879 1205 1048 1284 coeperant
1061 1189 1151 1260 dare.
1166 1194 1199 1259 ls
1216 1215 1302 1284 ergo

251 1328 429 1399 reclinatus
441 1329 476 1398 in
490 1331 657 1419 cubitum,
685 1374 729 1387 -
746 1337 817 1402 Hoc
832 1334 966 1422 vinum,
980 1335 1108 1428 inquit,
1125 1361 1184 1404 vos
1198 1360 1300 1429 opor·

254 1488 302 1542 tet
319 1498 418 1542 suave
435 1473 583 1543 faciatis:
604 1477 710 1570 pisces
730 1491 846 1548 natare
864 1494 1006 1572 oportet.
1024 1481 1141 1573 Rogo,
1162 1505 1215 1550 me
1233 1504 1298 1573 pu·

254 1607 331 1688 tatis
349 1617 406 1688 illa
424 1637 518 1689 ooeua
534 1645 604 1690 esse
617 1635 832 1710 contentum,
850 1645 951 1716 quam
966 1623 1002 1690 in
1019 1623 1115 1692 theca
1131 1623 1297 1718 reposito-

251 1763 293 1831 rii
310 1762 488 1850 videratis?
503 1765 551 1833 sic
569 1779 669 1834 notus
694 1764 840 1861 Ulyxes?
855 1765 948 1857 Quid
980 1791 1059 1861 ergo
1077 1767 1147 1838 est?
1166 1781 1300 1862 oportet

251 1907 351 1976 etiam
366 1905 454 1976 iuter
471 1903 670 1976 ooenandum
693 1906 911 2002 philologiam
929 1934 1034 1978 nosse.
1051 1912 1199 1978 Patrono
1223 1933 1298 1976 meo

253 2074 327 2120 ossa
337 2052 422 2120 bene
433 2047 623 2144 quiescant!
642 2053 700 2145 qui
712 2077 765 2124 me
786 2053 958 2124 hominem
974 2055 1061 2122 inter
1072 2052 1223 2124 homines
1238 2077 1298 2120 ro-

253 2193 316 2265 luit
334 2220 413 2264 esse.
430 2198 518 2266 Nam
534 2191 617 2265 mihi
644 2195 728 2266 nihil
747 2199 826 2266 novi
843 2212 951 2292 potest
968 2197 1100 2266 afferri:
1121 2199 1168 2266 sic
1184 2196 1239 2266 ille
1251 2196 1297 2266 fe·

255 2329 379 2412 riculus
396 2341 501 2411 lucem
515 2365 535 2411 a
552 2367 605 2411 me
622 2343 773 2432 habehit,
790 2343 944 2437 proximi.
959 2343 1071 2414 Coelus
1085 2341 1155 2432 hic,
1175 2345 1209 2412 in
1228 2368 1296 2437 quo
1386 2391 1387 2444 j

254 2485 430 2556 duodecim
447 2487 493 2555 dii
510 2487 674 2575 habitant,
692 2488 727 2556 in
740 2487 878 2558 totidem
895 2513 929 2557 se
942 2488 1063 2580 figuras
1076 2490 1251 2575 convertit,
1262 2503 1296 2558 et

254 2631 355 2700 modo
365 2631 404 2700 fit
414 2633 520 2702 Aries.
531 2635 648 2725 Itaque
661 2633 812 2725 quisquis
825 2633 972 2702 nascitur
984 2629 1041 2700 illo
1058 2632 1172 2725 signo,
1190 2629 1297 2702 multa
1386 2615 1387 2688 Ῐ

251 2799 372 2870 pecora
396 2777 515 2863 habet,
538 2773 681 2844 multum
716 2773 815 2844 lanta:
836 2789 937 2868 caput
967 2789 1123 2869 praeterea
1151 2775 1296 2864 durum,

251 2919 396 2990 frontem
421 2920 675 3016 expudoratam,
710 2945 815 2988 cornu
841 2936 987 2989 acutum.
1005 2920 1145 2990 Plurimi
1169 2920 1233 2990 hoc
1254 2924 1298 2992 si·

250 3090 322 3158 gno
339 3063 526 3133 scholastici
542 3079 744 3167 nascuntur2
762 3079 795 3133 et
813 3062 956 3133 arietilli.
976 3105 1020 3120 -
1032 3065 1224 3136 Laudamus
1239 3091 1297 3134 ur·

253 3212 435 3280 bauitatem
447 3209 688 3296 mathematici3
709 3211 821 3303 itaque
837 3208 977 3302 adjecit:
994 3247 1038 3264 —
1057 3208 1189 3278 Deinde
1205 3224 1296 3282 totus

249 3353 354 3424 ooelus
370 3351 536 3423 Taurulus
553 3352 602 3420 fit.
618 3356 736 3445 Itaque
753 3365 834 3420 tunc
850 3350 1015 3422 calcitrosi
1033 3367 1235 3441 nascuntur,
1261 3368 1296 3423 et

251 3498 404 3584 bubulci,
429 3511 463 3566 et
481 3499 591 3591 quise
612 3498 674 3604 ipsi
693 3510 846 3590 pascunt.
866 3499 907 3564 ln
927 3497 1078 3567 Geminis
1102 3511 1213 3566 autem
1231 3523 1293 3567 na·

250 3659 390 3713 scuntur
408 3643 510 3735 bigae,
528 3657 563 3710 et
571 3642 687 3728 boves,
699 3655 734 3710 et
749 3639 832 3710 colei
845 3693 854 3729 ,
870 3657 904 3710 et
912 3644 970 3737 qui
983 3656 1143 3738 utrosque
1152 3599 1293 3740 parietes

254 3789 375 3857 linunt.
394 3790 434 3857 ln
455 3790 588 3857 Cancro
605 3811 669 3885 ego
685 3800 786 3856 uatus
809 3812 898 3856 sum:
916 3786 991 3858 idco
1016 3786 1128 3858 multis
1152 3787 1292 3882 pedibus

253 3949 324 4019 sto,
339 3932 421 4001 etin
434 3932 534 4018 mari,
551 3945 585 3998 et
596 3932 631 3999 in
646 3945 733 4000 terra
748 3930 853 4002 multa
871 3929 1034 4026 possideo.
1052 3933 1138 4002 Nam
1159 3956 1289 4018 cancer,
1385 4023 1387 4034 Ι

250 4095 283 4149 et
310 4074 387 4164 hoe,
409 4093 443 4145 et
458 4075 536 4145 illoc
556 4076 719 4168 quadrat3
736 4090 769 4144 et
784 4075 860 4144 ideo
875 4075 1075 4168 jamdudum,
1089 4075 1172 4144 nihil
1192 4101 1287 4169 super
