2817 4684
254 374 292 430 cs
437 371 439 376 ·
530 380 563 434 r.
586 365 772 434 rnrnonu
795 376 1019 434 struncon.

254 501 348 570 soret.
368 502 512 572 Aliunde
532 503 651 573 mulier
666 505 806 597 urgebat
823 528 1041 588 consensum,
1060 516 1099 569 ut
1114 524 1226 569 secum
1244 523 1308 566 ve-

254 647 370 714 nirem.
402 647 643 740 Subsequimur
675 673 776 742 ergo,
809 663 843 717 et
872 648 1031 717 conducti
1053 647 1141 715 inter
1167 643 1307 729 titulos,

252 772 430 884 aspicimus
446 787 633 887 complures
649 794 822 886 utriusque
836 817 931 860 sexus
947 789 1098 860 ludentes
1115 791 1150 857 in
1167 785 1307 884 cellis,]

252 932 335 1002 adeo
362 934 486 1026 ubique
512 959 628 1004 omnes
653 935 748 1004 milri'
765 934 967 1004 ridebantur
991 933 1137 1026 satyrion
1164 931 1305 999 bibisse.

252 1074 321 1172 [Ut
332 1079 568 1172 conspicimur,
586 1078 823 1174 noscynaedica
841 1075 1026 1173 petulantia
1039 1073 1172 1146 allicere
1182 1076 1303 1144 conati

251 1233 348 1303 sunt,
367 1222 544 1314 statimque
559 1243 646 1290 unus
671 1219 737 1291 alte
756 1224 945 1291 succinctus
969 1217 1106 1289 invadit,
1117 1218 1304 1312 Ascylton,

249 1378 283 1431 et
302 1388 514 1458 supereum,
541 1364 681 1457 grabato
700 1329 922 1460 prostratum,
939 1360 1063 1431 molere
1080 1375 1219 1430 conatus
1237 1375 1302 1430 est.

251 1509 418 1574 Succurro
442 1507 552 1575 statim
572 1509 732 1602 patienti,
752 1505 806 1604 ct]
827 1507 954 1601 junctis
971 1505 1099 1573 viribus
1122 1502 1304 1573 molestum

250 1652 495 1718 contemsimus.
507 1647 709 1746 [Egreditur
721 1643 934 1744 Ascyltos‚ct
948 1647 1045 1741 fugit,
1055 1671 1302 1741 mequeeorum

250 1791 382 1860 libidini
410 1793 592 1862 obnoxium
612 1793 791 1885 relinquit3
812 1792 869 1861 sed
887 1792 1104 1861 valentiorem
1125 1793 1252 1860 viribus
1269 1807 1304 1860 et
1397 1794 1398 1801 ’

250 1937 362 2004 animo
380 1935 517 2005 illaesum
537 1935 671 2004 dimisit.

643 2548 811 2616 CAPUT
846 2548 909 2614 tx,

296 2765 451 2832 Lustrata
460 2785 554 2855 paenc
566 2760 776 2864 urbe,]quasi
789 2789 849 2858 per
857 2763 1033 2858 caliginem
1043 2763 1112 2832 vidi
1119 2764 1245 2834 Gitona
1258 2765 1291 2832 in

246 2903 416 3000 crepidine
426 2907 548 2978 semitae
556 2903 750 3004 [limineque
761 2907 948 3007 diversorii]
957 2923 1150 2996 stantemet
1157 2909 1193 2975 in
1203 2931 1292 2976 eum·
1392 2916 1397 2955 ⁷

247 3050 321 3119 dem
331 3049 442 3120 locum
451 3077 505 3121 me
511 3053 650 3145 conjeci.
659 3055 775 3142 Quum
783 3077 984 3147 quaererem,
1001 3079 1083 3124 num
1099 3052 1290 3148 quidnobis
1394 3088 1396 3101 ν

246 3197 281 3262 in
292 3195 471 3292 prandium
483 3189 584 3266 frater
601 3198 771 3292 parasset?
788 3199 940 3268 consedit
950 3225 1035 3296 puer
1045 3196 1291 3293 superlectum,

245 3353 278 3410 et
296 3353 469 3411 manantes
487 3339 648 3433 lacrymas
675 3338 796 3434 pollice
819 3345 963 3412 extersit
987 3341 1204 3411 Perturbatus
1229 3364 1289 3432 ego

244 3484 361 3556 habitu
388 3483 519 3570 fratris,
547 3483 629 3577 quid
657 3485 852 3556 accidisset?
870 3487 1017 3579 quaesivi.
1048 3488 1093 3554 At
1115 3481 1170 3552 ille
1199 3483 1289 3551 tarde
1393 3464 1394 3477 i

186 3642 190 3648 '
245 3623 379 3717 quidem
404 3637 437 3691 et
462 3623 603 3708 invitus,
629 3621 686 3691 sed
713 3638 891 3718 postquam
920 3623 1075 3717 precibus
1099 3637 1132 3691 et
1158 3623 1286 3690 iracun-

245 3760 333 3828 diam
351 3761 493 3828 miscui:
513 3801 557 3814 -
576 3761 690 3846 Tuus,
717 3761 848 3854 inquit,
868 3761 930 3828 iste
954 3759 1067 3847 frater,
1088 3783 1144 3828 seu
1161 3783 1286 3845 comes,
1392 3772 1393 3777 ’

244 3897 344 3994 paulo
359 3912 436 3966 ante
449 3898 483 3964 in
498 3897 704 3966 conductum
719 3898 923 3984 accucurrit,
937 3898 1104 3991 coepitque
1117 3895 1200 3964 mihi
1209 3894 1287 3964 velle

244 4039 407 4134 pudorem
424 4055 630 4134 extorquere.
649 4041 765 4127 Quum
785 4063 847 4131 ego
864 4038 1122 4132 proclamarem,
1141 4035 1285 4129 gladium
1391 4096 1392 4133 ἐ
