2817 4684
258 355 313 409 106
530 361 563 414 T.
585 362 765 418 PETRONH
785 360 1012 419 SATYRIOON.

253 509 313 552 nec
329 486 444 577 punit:
468 483 695 582 immofpotius
715 489 869 573 miratur,
889 491 963 582 quis
985 489 1066 560 deus
1072 490 1211 582 juvenes
1232 505 1301 562 tam

253 627 398 696 urbanos
424 629 459 695 in
482 653 574 697 suam
595 627 965 725 regionemidetulerit?

620 876 783 968 cucur
813 877 936 945 xvn.

298 1066 661 1164 Tacentibusf[udhue]
678 1071 795 1157 nobis,
835 1085 868 1138 et
900 1071 944 1139 ad
980 1087 1131 1140 neutram
1168 1087 1299 1166 partem
1384 1067 1385 1154 J

250 1214 506 1282 assentationem
533 1213 756 1301 flectentibus,
783 1213 934 1284 intravit*
951 1217 1022 1311 ipsa
1047 1243 1113 1285 una
1138 1220 1299 1288 comitata

252 1361 402 1452 virgine,
415 1358 710 1455 sedensquebuper
727 1376 837 1431 torum
852 1387 980 1449 meum,
1001 1362 1060 1430 diu
1075 1362 1176 1431 flevit.
1193 1365 1242 1431 Ac
1256 1388 1298 1432 ne
1384 1411 1385 1414 =

250 1521 332 1574 tunc
351 1507 487 1600 quidem
506 1531 568 1575 nos
586 1505 692 1575 ulium
711 1507 891 1600 adjecimus
910 1509 1066 1595 verbum,
1087 1508 1142 1578 sed
1159 1509 1297 1578 attoniti
1384 1563 1385 1618 ,

249 1652 470 1744 spectavimus
492 1651 654 1747 lacrymas
674 1653 991 1746 adostentationem
1011 1653 1136 1723 doloris
1151 1667 1295 1747 paratas.
1384 1661 1385 1714 t

249 1798 298 1863 Ut
316 1821 395 1890 ergo
414 1812 482 1864 tam
503 1786 699 1865 ambitiosus
721 1796 874 1866 detonuit
895 1799 1020 1887 imber,
1043 1799 1160 1867 retexit
1179 1823 1297 1892 super·
1384 1791 1385 1800 ¹

249 1939 328 2007 bum
341 1939 442 2033 pallio
461 1956 581 2034 caput,
599 1956 632 2010 et
642 1941 797 2010 manibus
807 1943 894 2010 inter
909 1966 943 2010 se
957 1967 1061 2034 usque
1077 1941 1120 2011 ad
1134 1940 1295 2010 articulo-
1384 1995 1385 2018 ,

249 2112 326 2154 rum
344 2090 518 2182 strepitum
537 2090 743 2157 constrictis:
756 2129 800 2146 -
813 2091 975 2178 Quaenam
993 2105 1058 2176 est,
1078 2091 1207 2183 iuquit,
1225 2089 1297 2160 haec

249 2236 412 2305 audacia?
430 2253 488 2306 aut
505 2239 562 2307 ubi
577 2239 704 2308 fabulas
722 2241 821 2308 etiam
837 2255 1047 2309 antecessura
1057 2238 1233 2307 latrocinia
1243 2238 1296 2305 di·
1384 2223 1385 2242 J

250 2383 399 2453 dicistis?
415 2387 596 2473 Misereor,
621 2412 674 2454 me
690 2389 776 2455 Dius
795 2385 925 2475 Fidius,
943 2389 1062 2456 vestri:
1081 2387 1298 2480 nequeenim

248 2541 386 2632 impune
404 2541 599 2632 quisquam,
615 2538 708 2631 quod
724 2564 793 2608 non
812 2538 923 2627 licuit,
941 2541 1077 2631 aspexit.
1092 2539 1218 2629 Utique
1235 2562 1299 2604 no-
1384 2509 1385 2538 ,

249 2702 316 2756 stra
334 2690 426 2782 regio
441 2705 508 2757 tam
523 2689 740 2782 praesentibus
753 2687 852 2781 plena
868 2703 917 2756 est
927 2687 1143 2773 numinibus,
1162 2700 1200 2753 ut
1216 2685 1298 2753 faci·
1384 2751 1385 2760 J

250 2837 313 2906 lius
342 2840 448 2932 possis
476 2839 575 2906 deum
602 2864 703 2933 quam
732 2839 901 2908 bominem
920 2839 1080 2907 invenire.
1104 2843 1155 2906 Ac
1180 2864 1223 2906 ne
1243 2865 1298 2907 me

247 2990 370 3082 putetis
396 2987 532 3056 ultionis
552 3013 651 3057 causa
671 2988 738 3058 huc
759 2989 915 3075 ¹venisse,
941 3002 1038 3056 aetate
1061 2987 1167 3079 magis
1186 3001 1298 3056 vestra
1384 3023 1385 3046 ι

246 3155 473 3223 commoveor,
492 3161 593 3230 quam
621 3136 743 3228 injuria
769 3161 852 3203 mea.
873 3134 1107 3228 Imprudentes
1123 3136 1234 3220 enim,
1258 3150 1299 3203 ut

247 3287 356 3356 adhuc
376 3303 475 3381 putu,
494 3286 671 3354 admisistis
699 3281 898 3378 inexpiabile
921 3283 1037 3352 scelus.
1058 3287 1137 3378 Ipsa
1159 3283 1297 3377 quidem
1384 3353 1385 3358 ,

246 3435 301 3504 ille
311 3451 409 3505 nocte
422 3448 557 3520 vexata,
577 3447 644 3502 tam
655 3433 842 3527 periculoso
852 3434 1006 3502 inhorrui
1019 3433 1159 3526 frigore,
1176 3445 1216 3502 ut
1229 3447 1297 3501 ter·
1384 3505 1385 3510 J

246 3587 345 3652 tianae
357 3586 456 3652 etiam
469 3586 630 3676 impetum
643 3584 808 3651 timerem:
826 3597 861 3651 et
875 3580 950 3650 ideo
963 3581 1163 3650 medicinam
1178 3605 1310 3650 somno·

246 3734 326 3827 petii
334 3785 343 3820 ,
351 3735 509 3828 jussaque
518 3759 593 3800 sum
599 3758 659 3800 vos
669 3733 875 3826 perquirere,
887 3745 987 3824 atque
998 3731 1159 3824 impetum
1169 3730 1297 3818 morbi,

245 3896 429 3950 monstrata
456 3881 654 3969 subtilitate,
680 3879 793 3948 lenire.
815 3879 880 3950 Sed
900 3879 941 3948 de
962 3879 1108 3948 remedio
1130 3903 1198 3945 non
1228 3892 1301 3957 tam,

245 4028 341 4101 vaide
358 4031 492 4098 laboro:
514 4029 620 4120 major
634 4031 723 4098 enim
744 4023 778 4096 in
793 4028 985 4121 praecordiis
1002 4027 1098 4096 dolor
1115 4027 1223 4113 saevit,
1235 4025 1296 4117 qui
1384 4025 1385 4028 ’
