2817 4684
235 359 272 411 62

531 356 563 407 Τ.
585 355 765 418 PETRONII
785 355 1004 414 sammon.

645 609 817 676 CAPUT
847 609 886 692 V,

338 825 416 880 Artis
430 843 533 880 severae
549 825 572 879 si
585 824 652 898 quis⁴
662 835 738 879 amat
751 825 882 897 effectus,

336 953 519 1024 Mentemque
536 950 646 1023 maguis
659 950 798 1024 applicat,
815 949 895 1025 prius
909 968 991 1006 more

335 1077 515 1152 Frugalitatis
531 1078 594 1150 lege
610 1077 717 1150 polleat
732 1088 849 1132 exacta:

337 1206 395 1260 Nec
409 1214 489 1259 curet
506 1203 564 1258 alto
580 1203 688 1276 regiam
703 1214 812 1258 trucem
825 1204 928 1272 voltu,

337 1301 469 1387 Cliensve
485 1348 578 1392 coenas
592 1329 793 1403 impotentium
810 1341 920 1404 captet:

337 1459 398 1513 Nec
411 1456 531 1532 perditis
550 1455 678 1512 addictus
696 1455 799 1511 obruat
812 1457 881 1511 vino

337 1583 442 1638 Mentis
460 1579 602 1652 calorem,
622 1600 693 1636 neve
708 1583 824 1655 plausor
838 1581 869 1635 in
885 1599 969 1637 scena

338 1709 441 1774 Sedeat
457 1708 621 1777 redimitus,
633 1707 790 1762 histrionia
804 1707 941 1763 addictus.

339 1929 395 1986 Sed
414 1929 473 1984 sive
494 1929 639 2002 armigerae
659 1928 754 1983 rident
771 1919 1037 2000 Tritonidis‘arces‚

337 2057 394 2111 Seu
411 2019 615 2109 lacedaemonio
632 2056 715 2110 tellus
728 2055 855 2132 habitata
870 2057 994 2130 colono,

338 2181 524 2254 Sirenumquc
539 2179 641 2234 domus
651 2223 663 2268 ,Ι
678 2181 727 2236 det
744 2181 853 2255 primos
868 2183 997 2238 versibus
1012 2203 1103 2239 annos
1112 2226 1130 2267 ,Ι

337 2306 547 2380 Maeoniumque
561 2306 643 2362 bibat
661 2305 739 2362 felici
754 2317 872 2380 pectore
885 2308 994 2364 fontem
1005 2329 1020 2392 3.

338 2435 425 2500 Mox,
442 2443 470 2488 et
488 2432 635 2488 Socratico
655 2431 756 2505 plenus
771 2450 857 2506 grege
874 2443 964 2490 mutet
977 2435 1103 2491 habenas

339 2559 442 2628 Liber,
463 2569 491 2614 et
510 2558 635 2632 ingentis
653 2559 761 2632 quatiat
774 2560 974 2615 Demosthenis
987 2579 1076 2617 arina.

334 2651 409 2740 Hinc
422 2702 541 2740 romana
555 2703 655 2740 manus
668 2683 862 2755 circumfluat,
879 2697 907 2742 et
918 2687 1008 2743 modo
1021 2689 1102 2763 graio

336 2812 497 2866 Exonerata
513 2829 587 2866 sono
595 2851 604 2881 ,
618 2820 710 2865 mutet
722 2810 830 2866 suffusa
847 2807 988 2885 saporem.

337 2935 484 2991 Interdum
502 2934 637 2992 subducta
656 2935 721 2991 foro
736 2937 785 2990 det
798 2937 902 3010 pagina
919 2957 1050 3011 versum,

338 3063 374 3116 Et
387 3060 499 3116 cortina
511 3073 593 3116 sonet
608 3062 694 3129 celeri
713 3062 848 3117 distincta
862 3072 967 3120 meatu.

336 3187 412 3242 Dein
427 3189 524 3261 epulas
542 3199 569 3242 et
583 3188 658 3242 bella
672 3188 746 3242 truci
758 3199 913 3245 memorata
927 3207 1046 3263 canore,

337 3313 519 3386 Grandiaque
534 3313 668 3368 indomiti
684 3312 830 3368 Ciceronis
846 3315 934 3370 verba
943 3316 1078 3382 minetur.

337 3439 389 3494 His
406 3441 533 3495 animum
552 3440 683 3514 succinge
697 3439 797 3510 bonis,
815 3441 855 3496 sic
874 3439 990 3498 flumine
1007 3445 1087 3518 largo

336 3568 457 3637 Plenus,
476 3565 569 3622 Pierio
584 3565 724 3622 defundes
743 3577 858 3640 pectope
872 3569 967 3625 verba.
993 3607 998 3638 ,
