2817 4684
135 345 149 372 ’“
259 368 312 440 196
533 375 566 426 r.
588 372 772 429 rrrnouu
793 372 1017 431 srrrnrcon.
1068 373 1071 377 ·

255 494 362 564 intro!
383 496 548 566 clamavit
564 540 611 551 --
628 502 820 593 Excipimus
837 501 1061 569 urbanitatem
1081 498 1245 589 jocantis,
1266 509 1304 562 et

253 655 331 708 ante
350 665 464 709 omnes
476 644 723 735 Agamemnon,
735 645 793 737 qui
806 644 946 730 sciebat,
964 642 1085 735 quibus
1102 641 1228 709 meritis
1244 663 1303 707 re-

254 800 429 853 vocaretur
445 785 487 853 ad
504 810 643 856 coenam.
674 791 830 856 Ceterum
852 784 1005 855 laudatus
1025 782 1229 854 Trimalchio
1246 782 1305 849 hi-

255 930 355 999 larius
379 932 475 999 bibit.
498 934 607 1003 Etiam
626 932 719 1001 ebrio
738 932 930 1025 proxImus,
951 969 995 987 -
1019 932 1141 1015 Nemo,
1165 929 1302 1020 inquit,

180 1153 182 1156 Ι
255 1086 401 1139 vestrum
418 1087 515 1166 rogat
524 1077 741 1141 Fortunatam
758 1096 865 1141 meam
883 1086 922 1141 ut
931 1070 1048 1140 saltet?
1061 1070 1184 1141 credite
1195 1068 1302 1155 mihi,

255 1215 427 1283 cordacem
445 1240 543 1285 nemo
558 1217 673 1285 melius
689 1215 792 1283 ducit.
813 1255 856 1268 -
877 1220 983 1307 Atque
1003 1216 1091 1307 ipse,
1111 1214 1230 1281 erectis
1247 1237 1304 1279 su·

255 1384 316 1451 pra
334 1358 476 1426 frontem
491 1358 660 1444 manibus,
674 1360 794 1453 Syrum
806 1357 1000 1427 histrionem
1011 1357 1203 1445 exhibebat,
1221 1380 1305 1425 con·

256 1503 388 1569 cincnte
404 1514 473 1569 tota
493 1500 635 1569 familia:
651 1542 698 1555 -
716 1496 778 1569 Mt
798 1504 864 1571 Δία
879 1503 1003 1594 perite,
1018 1498 1073 1591 μᾶ
1091 1496 1176 1569 Ala!
1197 1541 1246 1553 -
1258 1504 1305 1568 Et

256 1644 419 1736 prodisset
436 1645 471 1711 in
491 1643 653 1731 medium,
671 1646 735 1712 nisi
755 1648 937 1713 Fortunata
956 1645 998 1712 ad
1016 1670 1130 1713 aurem
1147 1645 1305 1715 accessis-

258 1802 327 1855 set:
343 1801 392 1873 ct,
413 1786 532 1874 credo,
554 1786 690 1875 dixerit,
714 1812 783 1857 non
799 1787 914 1857 decere
929 1790 1124 1881 gravitatem
1143 1788 1214 1881 ejus
1232 1803 1304 1856 tam

258 1929 398 1998 humiles
415 1930 680 2034 ineptiasNihil
706 1945 816 2000 autem
836 1947 905 2001 tam
927 1931 1088 2025 inaequale
1107 1946 1198 2001 erat:
1223 1956 1304 2000 nam

258 2074 359 2151 modo
373 2078 589 2142 Fortunatam
607 2075 839 2162 reverebatur,
859 2073 959 2143 modo
976 2074 1018 2143 ad
1033 2089 1187 2143 naturam
1207 2100 1304 2143 suam

259 2218 497 2285 revertebatur.

632 2982 801 3048 CAPUT
834 2982 939 3048 LIII.

261 3216 267 3236 ·“
311 3200 355 3265 Et
371 3195 469 3291 plane
487 3194 709 3289 interpellavit
728 3194 910 3265 saltationis
933 3194 1104 3265 libidinem
1118 3196 1305 3279 actuarius,

264 3337 321 3427 qui
340 3349 500 3428 tanquam
522 3334 624 3402 Urbis
640 3348 715 3401 acta
738 3334 949 3402 recitavit-
962 3358 1014 3403 vn
1031 3332 1184 3402 calendas
1206 3332 1306 3400 sexti·

263 3469 309 3537 les
325 3472 359 3537 in
372 3470 497 3563 praedio
509 3468 667 3556 cumano,
685 3469 776 3563 quod
786 3483 835 3537 est
846 3468 1120 3555 Trimalchionis,
1135 3470 1205 3536 nati
1225 3482 1306 3536 sunt

264 3607 359 3698 pueri
375 3631 461 3693 xxx,
486 3604 602 3698 puellae
624 3630 686 3692 xc,
714 3604 845 3675 sublata
878 3608 913 3673 in
940 3606 1115 3692 horreum,
1140 3631 1180 3673 ex
1206 3629 1305 3690 area,

264 3744 366 3810 tritici
378 3741 482 3811 millia
493 3744 641 3812 modium
655 3744 856 3837 quingenta:
875 3743 974 3811 boves
986 3743 1104 3811 domiti
1116 3744 1304 3835 quingenti

262 3878 389 3947 Eodem
404 3878 458 3947 die
474 3879 685 3949 Mithridates
699 3903 813 3947 servus
831 3880 866 3947 in
884 3902 1015 3947 crucem
1029 3894 1122 3949 actus
1138 3894 1206 3966 est,
1225 3880 1307 3971 quia

264 4017 349 4085 Gaii·
362 4018 467 4084 nostri
484 4018 583 4108 genio
602 4016 828 4085 maledixerat.
848 4015 974 4085 Eodem
1003 4016 1057 4084 die
1072 4018 1107 4083 in
1127 4040 1238 4083 arcam
1255 4038 1310 4081 re-
