2817 4684
252 368 309 434 248
530 372 764 427 uuistuom!
784 372 1005 429 SATYRICON.

251 491 354 579 fecit,
373 508 411 560 ut
428 518 621 563 mucronem
637 494 681 563 ad
696 497 836 565 buccam
855 497 1083 590 probaremus.
1100 497 1222 565 Subito
1244 496 1294 563 in·

139 688 143 693 .
253 649 425 704 travernnt
440 636 508 706 duo
523 640 624 725 servi,
643 653 802 733 tanquam
817 641 875 733 qui
889 641 995 708 rixam
1012 638 1055 707 ad
1070 637 1179 707 lacum
1196 638 1294 707 fecis·

254 794 343 867 sent,
356 795 443 848 certe
455 782 489 847 in
501 778 586 850 collo
595 780 705 851 adhuc
714 782 889 877 amphoras
898 782 1076 881 habebant.
1085 783 1199 872 Quum
1210 806 1293 874 ergo

253 922 454 993 Trimalchio
463 925 518 1018 jus
533 927 619 992 inter
628 924 795 1018 litigantes
806 925 950 994 diceret:
965 939 1081 993 neuter
1093 925 1293 993 sententiam

254 1073 332 1143 tulit
349 1075 575 1174 decernentis;
589 1076 646 1147 sed
658 1076 742 1147 alter
755 1077 889 1147 alterius
907 1076 1102 1170 amphoram
1120 1074 1206 1145 fuste
1220 1100 1293 1169 per-

255 1220 365 1287 cussit.
379 1220 591 1288 Consternati
600 1244 660 1288 nos
670 1218 846 1289 insolentia
856 1221 1040 1306 ebriorum,
1055 1220 1292 1288 intentavimus

256 1361 369 1430 oculos
393 1363 428 1429 in
459 1352 666 1457 proeliantes,
700 1365 954 1457 notavimusque
979 1378 1102 1452 ostrea,
1129 1364 1292 1459 pectines·
1372 1440 1373 1443 ,

257 1531 359 1599 quee
381 1508 472 1575 testis
490 1506 657 1592 labentia,
680 1532 755 1600 quae
779 1506 915 1577 collecta
934 1516 1017 1601 puer
1030 1506 1133 1624 ¹lance
1152 1509 1291 1577 circum-

259 1656 345 1726 tulit.
360 1662 429 1728 llas
443 1658 587 1729 lautitias
599 1661 742 1754 aequavit
755 1662 946 1753 ingeniosus
957 1684 1075 1729 cocus:
1089 1662 1124 1729 in
1137 1659 1293 1729 craticula
1375 1696 1377 1761 ζ

258 1804 347 1870 enim
362 1806 516 1900 argentea
535 1802 683 1873 cochleas
698 1803 827 1891 attulit,
842 1819 874 1873 et
890 1802 1044 1893 tremula,
1062 1806 1293 1899 teterrimaque

259 1972 339 2015 voce
360 1950 516 2017 cantavit.
533 1948 642 2017 Pudet
660 1947 801 2035 referre,
820 1972 894 2041 quae
911 1963 1097 2041 sequuntur
1117 1973 1126 2016 ε
1145 1946 1292 2017 inaudito

260 2092 349 2158 enirn
365 2115 476 2178 more,
495 2093 589 2185 pueri
605 2090 750 2185 capillati
765 2090 949 2160 attulerunt
965 2106 1172 2185 unguentum
1191 2093 1225 2159 in
1242 2116 1292 2159 ar·
1380 2119 1381 2159 l

260 2258 377 2335 gentea
393 2242 498 2337 pelvi,
518 2243 681 2339 pedesque
706 2246 968 2314 recumbentium
986 2260 1173 2332 unxerunt,
1193 2269 1292 2339 quum
1382 2307 1383 2341 ,

261 2401 338 2454 ante
354 2410 469 2473 crura,
487 2386 671 2483 pedesque,
688 2387 835 2481 talosque
849 2386 980 2455 corollis
999 2387 1190 2455 vinxissent.
1210 2388 1293 2456 Hinc

262 2554 301 2597 ex
317 2528 431 2597 eodem
455 2545 624 2623 unguento
644 2532 678 2597 in
697 2532 864 2599 vinarium
880 2545 980 2623 atque
998 2528 1167 2599 lucernam
1193 2528 1293 2622 liqua-

262 2689 333 2743 tum
349 2688 398 2743 est
417 2673 573 2743 infusum.
593 2678 666 2742 Jam
688 2688 831 2769 coeperat
849 2678 1030 2743 Fortunata
1047 2673 1132 2743 velle
1149 2672 1267 2742 saltare
1286 2700 1293 2741 :

260 2830 329 2923 jam
348 2828 498 2899 Scintilla
516 2828 721 2923 frequentius
739 2827 934 2921 plaudebat,
964 2836 1063 2923 quam
1084 2826 1295 2923 loquebatur,

264 2999 367 3067 quum
384 2972 603 3060 Trimalchio,
622 3012 670 3023 -
686 2972 864 3057 Permitto,
887 2972 1014 3063 inquit,
1032 2936 1243 3066 Philargyre,
1266 2985 1296 3041 et

264 3117 393 3203 Carrio,
408 3118 469 3184 etsi
483 3117 654 3210 prasianns
667 3140 701 3183 es
715 3114 873 3201 famosu's3
886 3114 940 3182 dic
952 3128 998 3200 et,
1010 3114 1208 3207 Minophile,
1221 3138 1297 3183 con-

267 3269 430 3340 tubernali
443 3284 519 3357 tuae,
539 3269 733 3352 discumbat.
750 3268 898 3357 -Quid
916 3268 1038 3337 multa?
1049 3294 1143 3364 paene
1158 3270 1199 3375 de
1210 3268 1298 3338 lectis

268 3419 385 3513 dejecti
405 3442 534 3503 sumus,
555 3415 637 3484 adeo
656 3429 764 3483 toturn
781 3413 961 3483 triclinium
981 3412 1104 3483 familia
1120 3438 1298 3508 occupave-

267 3577 330 3631 rat.
350 3565 448 3631 Certe
467 3584 529 3654 ego
548 3561 660 3627 notavi
677 3583 846 3654 supernae
864 3536 1009 3652 positum
1029 3580 1166 3640 cocum,
1184 3557 1243 3649 qui
1261 3555 1299 3623 de

269 3738 371 3809 porco
385 3738 533 3782 anserem
542 3711 686 3797 'fecerat,
701 3711 808 3779 muria
824 3709 1108 3802 condimentisque
1122 3708 1297 3776 foetentem.

270 3862 340 3930 Nec
362 3872 536 3925 contentus
556 3855 620 3923 fuit
643 3854 852 3939 recumbere,
875 3851 931 3921 sed
950 3853 1110 3921 continuo
1136 3850 1297 3946 Ephesum

270 4004 454 4097 tragoedum
477 4002 576 4094 coepit
609 3999 752 4083 imitari,
778 4011 811 4065 et
829 3994 975 4093 'subinde
1005 3995 1177 4063 dominum
1202 4017 1296 4063 suum
