<?xml version="1.0" encoding="UTF-8"?>
<!DOCTYPE html PUBLIC "-//W3C//DTD XHTML 1.0 Transitional//EN"
    "http://www.w3.org/TR/xhtml1/DTD/xhtml1-transitional.dtd">
<html xmlns="http://www.w3.org/1999/xhtml" xml:lang="en" lang="en">
 <head>
  <title>
</title>
<meta http-equiv="Content-Type" content="text/html;charset=utf-8" />
  <meta name='ocr-system' content='tesseract 3.04.00' />
  <meta name='ocr-capabilities' content='ocr_page ocr_carea ocr_par ocr_line ocrx_word'/>
</head>
<body>
  <div class='ocr_page' id='page_1' title='image "./lesatyricondetp00conggoog_0115.png"; bbox 0 0 2817 4684; ppageno 0'>
   <div class='ocr_carea' id='block_1_1' title="bbox 266 398 1019 468">
    <p class='ocr_par' dir='ltr' id='par_1_1' title="bbox 266 398 1019 468">
     <span class='ocr_line' id='line_1_1' title="bbox 266 398 1019 468; baseline -0.003 -12"><span class='ocrx_word' id='word_1_1' title='bbox 266 419 320 457; x_wconf 75' lang='lat'>10²</span> <span class='ocrx_word' id='word_1_2' title='bbox 388 460 392 468; x_wconf 65' lang='grc'>,</span> <span class='ocrx_word' id='word_1_3' title='bbox 539 403 571 455; x_wconf 88' lang='grc' dir='ltr'>Τ.</span> <span class='ocrx_word' id='word_1_4' title='bbox 592 398 772 456; x_wconf 64' lang='lat' dir='ltr'>remorsu</span> <span class='ocrx_word' id='word_1_5' title='bbox 792 399 1019 456; x_wconf 76' lang='lat' dir='ltr'><strong>SATYRICON.</strong></span> 
     </span>
    </p>
   </div>
   <div class='ocr_carea' id='block_1_2' title="bbox 263 524 1384 620">
    <p class='ocr_par' dir='ltr' id='par_1_2' title="bbox 263 524 1384 620">
     <span class='ocr_line' id='line_1_2' title="bbox 263 524 1384 620; baseline 0 -28"><span class='ocrx_word' id='word_1_6' title='bbox 263 524 745 594; x_wconf 81' lang='lat' dir='ltr'>veniremusadconstitutum.</span> <span class='ocrx_word' id='word_1_7' title='bbox 763 524 855 594; x_wconf 86' lang='lat' dir='ltr'><strong>Idem</strong></span> <span class='ocrx_word' id='word_1_8' title='bbox 866 524 965 619; x_wconf 80' lang='lat' dir='ltr'>plene</span> <span class='ocrx_word' id='word_1_9' title='bbox 978 541 1012 594; x_wconf 87' lang='lat' dir='ltr'>et</span> <span class='ocrx_word' id='word_1_10' title='bbox 1028 551 1089 594; x_wconf 89' lang='lat' dir='ltr'>nos</span> <span class='ocrx_word' id='word_1_11' title='bbox 1101 524 1316 594; x_wconf 80' lang='lat' dir='ltr'>volebamus.</span> <span class='ocrx_word' id='word_1_12' title='bbox 1383 593 1384 620; x_wconf 64' lang='lat'>,</span> 
     </span>
    </p>
   </div>
   <div class='ocr_carea' id='block_1_3' title="bbox 163 660 1321 765">
    <p class='ocr_par' dir='ltr' id='par_1_3' title="bbox 163 660 1384 826">
     <span class='ocr_line' id='line_1_3' title="bbox 163 660 1321 765; baseline -0.005 -22"><span class='ocrx_word' id='word_1_13' title='bbox 163 736 166 743; x_wconf 91' lang='grc'>.</span> <span class='ocrx_word' id='word_1_14' title='bbox 220 722 222 727; x_wconf 89' lang='grc'>-</span> <span class='ocrx_word' id='word_1_15' title='bbox 263 660 382 764; x_wconf 77' lang='lat' dir='ltr'>Itaque</span> <span class='ocrx_word' id='word_1_16' title='bbox 399 674 571 764; x_wconf 88' lang='lat' dir='ltr'>utriusque</span> <span class='ocrx_word' id='word_1_17' title='bbox 589 673 693 765; x_wconf 83' lang='lat' dir='ltr'>partis</span> <span class='ocrx_word' id='word_1_18' title='bbox 707 685 822 739; x_wconf 88' lang='lat' dir='ltr'>votum</span> <span class='ocrx_word' id='word_1_19' title='bbox 841 693 935 739; x_wconf 86' lang='lat' dir='ltr'>casus</span> <span class='ocrx_word' id='word_1_20' title='bbox 951 671 1090 763; x_wconf 88' lang='lat' dir='ltr'>adjuvit.</span> <span class='ocrx_word' id='word_1_21' title='bbox 1108 670 1321 763; x_wconf 83' lang='lat' dir='ltr'>Indignatus</span> 
     </span>
    </p>
   </div>
   <div class='ocr_carea' id='block_1_4' title="bbox 160 813 1384 4004">
    <p class='ocr_par' dir='ltr' id='par_1_4' title="bbox 160 813 1384 4004">
     <span class='ocr_line' id='line_1_4' title="bbox 265 813 1384 908; baseline -0.006 -25"><span class='ocrx_word' id='word_1_22' title='bbox 265 817 354 884; x_wconf 89' lang='lat' dir='ltr'>enim</span> <span class='ocrx_word' id='word_1_23' title='bbox 373 817 533 901; x_wconf 90' lang='lat' dir='ltr'>rusticus,</span> <span class='ocrx_word' id='word_1_24' title='bbox 556 814 647 908; x_wconf 94' lang='lat' dir='ltr'>quod</span> <span class='ocrx_word' id='word_1_25' title='bbox 668 840 729 882; x_wconf 91' lang='lat' dir='ltr'>nos</span> <span class='ocrx_word' id='word_1_26' title='bbox 749 829 923 883; x_wconf 82' lang='lat' dir='ltr'>centonem</span> <span class='ocrx_word' id='word_1_27' title='bbox 949 813 1173 886; x_wconf 82' lang='lat' dir='ltr'>exhibendum</span> <span class='ocrx_word' id='word_1_28' title='bbox 1194 829 1319 908; x_wconf 88' lang='lat' dir='ltr'>postu-</span> <span class='ocrx_word' id='word_1_29' title='bbox 1383 829 1384 876; x_wconf 76' lang='grc' dir='ltr'><em>ῖ</em></span> 
     </span>
     <span class='ocr_line' id='line_1_5' title="bbox 265 959 1384 1056; baseline -0.002 -26"><span class='ocrx_word' id='word_1_30' title='bbox 265 961 424 1049; x_wconf 84' lang='lat' dir='ltr'>laremus,</span> <span class='ocrx_word' id='word_1_31' title='bbox 444 961 537 1030; x_wconf 85' lang='lat' dir='ltr'><strong>misit</strong></span> <span class='ocrx_word' id='word_1_32' title='bbox 555 962 590 1029; x_wconf 92' lang='lat' dir='ltr'>in</span> <span class='ocrx_word' id='word_1_33' title='bbox 615 959 732 1030; x_wconf 82' lang='lat' dir='ltr'>faciem</span> <span class='ocrx_word' id='word_1_34' title='bbox 757 960 882 1056; x_wconf 83' lang='lat' dir='ltr'>Ascylti</span> <span class='ocrx_word' id='word_1_35' title='bbox 908 964 1076 1050; x_wconf 87' lang='lat' dir='ltr'>tunicam,</span> <span class='ocrx_word' id='word_1_36' title='bbox 1096 976 1129 1030; x_wconf 84' lang='lat' dir='ltr'>et</span> <span class='ocrx_word' id='word_1_37' title='bbox 1153 961 1320 1030; x_wconf 89' lang='lat' dir='ltr'>liberatos</span> <span class='ocrx_word' id='word_1_38' title='bbox 1383 991 1384 1016; x_wconf 69' lang='lat'>1</span> 
     </span>
     <span class='ocr_line' id='line_1_6' title="bbox 265 1102 1384 1205; baseline 0 -32"><span class='ocrx_word' id='word_1_39' title='bbox 265 1103 399 1197; x_wconf 83' lang='lat' dir='ltr'>querela</span> <span class='ocrx_word' id='word_1_40' title='bbox 422 1105 520 1201; x_wconf 80' lang='lat' dir='ltr'>jussit</span> <span class='ocrx_word' id='word_1_41' title='bbox 547 1102 686 1205; x_wconf 82' lang='lat' dir='ltr'>pallium</span> <span class='ocrx_word' id='word_1_42' title='bbox 701 1104 883 1200; x_wconf 85' lang='lat' dir='ltr'>deponere,</span> <span class='ocrx_word' id='word_1_43' title='bbox 898 1105 991 1197; x_wconf 90' lang='lat' dir='ltr'>quod</span> <span class='ocrx_word' id='word_1_44' title='bbox 1018 1103 1125 1179; x_wconf 86' lang='lat' dir='ltr'>solum</span> <span class='ocrx_word' id='word_1_45' title='bbox 1145 1104 1238 1174; x_wconf 90' lang='lat' dir='ltr'>litem</span> <span class='ocrx_word' id='word_1_46' title='bbox 1266 1105 1320 1173; x_wconf 80' lang='lat' dir='ltr'>fa·</span> <span class='ocrx_word' id='word_1_47' title='bbox 1383 1127 1384 1144; x_wconf 63' lang='lat'>¹</span> 
     </span>
     <span class='ocr_line' id='line_1_7' title="bbox 266 1249 1384 1350; baseline -0.001 -33"><span class='ocrx_word' id='word_1_48' title='bbox 266 1250 382 1318; x_wconf 84' lang='lat' dir='ltr'>ciebat.</span> <span class='ocrx_word' id='word_1_49' title='bbox 411 1253 501 1342; x_wconf 90' lang='lat' dir='ltr'>Ergo</span> <span class='ocrx_word' id='word_1_50' title='bbox 525 1263 740 1342; x_wconf 89' lang='lat' dir='ltr'>recuperato,</span> <span class='ocrx_word' id='word_1_51' title='bbox 760 1263 798 1316; x_wconf 93' lang='lat' dir='ltr'>ut</span> <span class='ocrx_word' id='word_1_52' title='bbox 822 1249 1041 1350; x_wconf 82' lang='lat' dir='ltr'>putabamus,</span> <span class='ocrx_word' id='word_1_53' title='bbox 1066 1249 1245 1337; x_wconf 86' lang='lat' dir='ltr'>thesauro,</span> <span class='ocrx_word' id='word_1_54' title='bbox 1280 1251 1319 1317; x_wconf 92' lang='lat' dir='ltr'>in</span> <span class='ocrx_word' id='word_1_55' title='bbox 1383 1295 1384 1348; x_wconf 71' lang='lat'>,</span> 
     </span>
     <span class='ocr_line' id='line_1_8' title="bbox 160 1377 1384 1486; baseline 0.002 -27"><span class='ocrx_word' id='word_1_56' title='bbox 160 1470 166 1480; x_wconf 75' lang='lat'><em>‚</em></span> <span class='ocrx_word' id='word_1_57' title='bbox 266 1392 485 1461; x_wconf 77' lang='lat' dir='ltr'><strong>diversorium</strong></span> <span class='ocrx_word' id='word_1_58' title='bbox 501 1393 687 1486; x_wconf 86' lang='lat' dir='ltr'>praecipites</span> <span class='ocrx_word' id='word_1_59' title='bbox 700 1391 845 1480; x_wconf 88' lang='lat' dir='ltr'>abimus,</span> <span class='ocrx_word' id='word_1_60' title='bbox 860 1391 1096 1486; x_wconf 76' lang='lat' dir='ltr'>praeclusisque</span> <span class='ocrx_word' id='word_1_61' title='bbox 1109 1387 1255 1483; x_wconf 88' lang='lat' dir='ltr'>foribus,</span> <span class='ocrx_word' id='word_1_62' title='bbox 1272 1396 1319 1462; x_wconf 88' lang='lat' dir='ltr'>ri·</span> <span class='ocrx_word' id='word_1_63' title='bbox 1383 1377 1384 1410; x_wconf 57' lang='lat'><em>³</em></span> 
     </span>
     <span class='ocr_line' id='line_1_9' title="bbox 266 1537 1319 1630; baseline 0.002 -26"><span class='ocrx_word' id='word_1_64' title='bbox 266 1537 344 1606; x_wconf 91' lang='lat' dir='ltr'>dere</span> <span class='ocrx_word' id='word_1_65' title='bbox 362 1561 501 1605; x_wconf 83' lang='lat' dir='ltr'>acumen</span> <span class='ocrx_word' id='word_1_66' title='bbox 525 1561 594 1605; x_wconf 93' lang='lat' dir='ltr'>non</span> <span class='ocrx_word' id='word_1_67' title='bbox 610 1538 723 1605; x_wconf 90' lang='lat' dir='ltr'>minus</span> <span class='ocrx_word' id='word_1_68' title='bbox 745 1538 962 1625; x_wconf 89' lang='lat' dir='ltr'>concionum,</span> <span class='ocrx_word' id='word_1_69' title='bbox 989 1562 1090 1630; x_wconf 88' lang='lat' dir='ltr'>quam</span> <span class='ocrx_word' id='word_1_70' title='bbox 1107 1537 1319 1609; x_wconf 85' lang='lat' dir='ltr'>calumnian·</span> 
     </span>
     <span class='ocr_line' id='line_1_10' title="bbox 259 1673 1384 1784; baseline 0.003 -36"><span class='ocrx_word' id='word_1_71' title='bbox 259 1683 370 1767; x_wconf 81' lang='lat' dir='ltr'>tium,</span> <span class='ocrx_word' id='word_1_72' title='bbox 386 1683 561 1775; x_wconf 88' lang='lat' dir='ltr'>coepimus,</span> <span class='ocrx_word' id='word_1_73' title='bbox 577 1679 668 1774; x_wconf 91' lang='lat' dir='ltr'>quod</span> <span class='ocrx_word' id='word_1_74' title='bbox 683 1680 781 1748; x_wconf 89' lang='lat' dir='ltr'>nobis</span> <span class='ocrx_word' id='word_1_75' title='bbox 796 1682 924 1772; x_wconf 81' lang='lat' dir='ltr'>ingenti</span> <span class='ocrx_word' id='word_1_76' title='bbox 940 1680 1119 1750; x_wconf 84' lang='lat' dir='ltr'>calliditate</span> <span class='ocrx_word' id='word_1_77' title='bbox 1133 1684 1318 1784; x_wconf 78' lang='lat' dir='ltr'>pecuniam</span> <span class='ocrx_word' id='word_1_78' title='bbox 1383 1673 1384 1740; x_wconf 70' lang='lat' dir='ltr'>l</span> 
     </span>
     <span class='ocr_line' id='line_1_11' title="bbox 266 1826 1380 1898; baseline 0.004 -5"><span class='ocrx_word' id='word_1_79' title='bbox 266 1826 495 1898; x_wconf 79' lang='lat' dir='ltr'>reddidissent.</span> <span class='ocrx_word' id='word_1_80' title='bbox 1371 1865 1380 1886; x_wconf 70' lang='grc' dir='ltr'>ν</span> 
     </span>
     <span class='ocr_line' id='line_1_12' title="bbox 314 1971 1384 2070; baseline -0.002 -22"><span class='ocrx_word' id='word_1_81' title='bbox 314 1971 458 2070; x_wconf 85' lang='lat' dir='ltr'>[Quum</span> <span class='ocrx_word' id='word_1_82' title='bbox 474 2001 591 2046; x_wconf 89' lang='lat' dir='ltr'>aureos</span> <span class='ocrx_word' id='word_1_83' title='bbox 601 1979 863 2066; x_wconf 83' lang='lat' dir='ltr'>extraheremus,</span> <span class='ocrx_word' id='word_1_84' title='bbox 875 1981 1022 2048; x_wconf 88' lang='lat' dir='ltr'>tunicam</span> <span class='ocrx_word' id='word_1_85' title='bbox 1039 1974 1233 2060; x_wconf 88' lang='lat' dir='ltr'>dissuendo,</span> <span class='ocrx_word' id='word_1_86' title='bbox 1257 1999 1318 2046; x_wconf 86' lang='lat' dir='ltr'>au·</span> <span class='ocrx_word' id='word_1_87' title='bbox 1383 1991 1384 2032; x_wconf 64' lang='grc' dir='ltr'>ἒ</span> 
     </span>
     <span class='ocr_line' id='line_1_13' title="bbox 235 2096 1316 2216; baseline -0.001 -30"><span class='ocrx_word' id='word_1_88' title='bbox 235 2096 238 2105; x_wconf 36' lang='lat'>¹</span> <span class='ocrx_word' id='word_1_89' title='bbox 266 2117 410 2188; x_wconf 82' lang='lat' dir='ltr'>divimus</span> <span class='ocrx_word' id='word_1_90' title='bbox 434 2119 580 2212; x_wconf 82' lang='lat' dir='ltr'>aliquem</span> <span class='ocrx_word' id='word_1_91' title='bbox 602 2148 622 2190; x_wconf 89' lang='lat' dir='ltr'>a</span> <span class='ocrx_word' id='word_1_92' title='bbox 648 2123 844 2192; x_wconf 80' lang='lat' dir='ltr'>diversitore</span> <span class='ocrx_word' id='word_1_93' title='bbox 874 2135 1058 2216; x_wconf 91' lang='lat' dir='ltr'>petentem,</span> <span class='ocrx_word' id='word_1_94' title='bbox 1086 2117 1178 2212; x_wconf 88' lang='lat' dir='ltr'>quod</span> <span class='ocrx_word' id='word_1_95' title='bbox 1204 2118 1316 2186; x_wconf 91' lang='lat' dir='ltr'>homi·</span> 
     </span>
     <span class='ocr_line' id='line_1_14' title="bbox 266 2235 1384 2357; baseline 0.001 -29"><span class='ocrx_word' id='word_1_96' title='bbox 266 2285 348 2329; x_wconf 91' lang='lat' dir='ltr'>num</span> <span class='ocrx_word' id='word_1_97' title='bbox 373 2286 478 2354; x_wconf 91' lang='lat' dir='ltr'>genus</span> <span class='ocrx_word' id='word_1_98' title='bbox 504 2265 671 2333; x_wconf 77' lang='lat' dir='ltr'>stabulum</span> <span class='ocrx_word' id='word_1_99' title='bbox 687 2267 757 2357; x_wconf 85' lang='lat' dir='ltr'>jam</span> <span class='ocrx_word' id='word_1_100' title='bbox 778 2288 869 2334; x_wconf 91' lang='lat' dir='ltr'>nunc</span> <span class='ocrx_word' id='word_1_101' title='bbox 899 2263 1105 2333; x_wconf 84' lang='lat' dir='ltr'>intraverat?</span> <span class='ocrx_word' id='word_1_102' title='bbox 1129 2265 1201 2330; x_wconf 86' lang='lat' dir='ltr'>Hac</span> <span class='ocrx_word' id='word_1_103' title='bbox 1230 2287 1322 2330; x_wconf 88' lang='lat' dir='ltr'>voce</span> <span class='ocrx_word' id='word_1_104' title='bbox 1383 2235 1384 2282; x_wconf 51' lang='lat' dir='ltr'>l</span> 
     </span>
     <span class='ocr_line' id='line_1_15' title="bbox 266 2411 1316 2509; baseline 0.003 -32"><span class='ocrx_word' id='word_1_105' title='bbox 266 2411 486 2509; x_wconf 88' lang='lat' dir='ltr'>perterritus,</span> <span class='ocrx_word' id='word_1_106' title='bbox 519 2438 558 2480; x_wconf 93' lang='lat' dir='ltr'>eo</span> <span class='ocrx_word' id='word_1_107' title='bbox 585 2438 735 2505; x_wconf 90' lang='lat' dir='ltr'>egresso,</span> <span class='ocrx_word' id='word_1_108' title='bbox 763 2415 806 2482; x_wconf 94' lang='lat' dir='ltr'>ad</span> <span class='ocrx_word' id='word_1_109' title='bbox 833 2415 1002 2484; x_wconf 91' lang='lat' dir='ltr'>sciendum</span> <span class='ocrx_word' id='word_1_110' title='bbox 1031 2413 1114 2506; x_wconf 91' lang='lat' dir='ltr'>quid</span> <span class='ocrx_word' id='word_1_111' title='bbox 1144 2411 1316 2508; x_wconf 55' lang='lat' dir='ltr'>essetfde-</span> 
     </span>
     <span class='ocr_line' id='line_1_16' title="bbox 267 2557 1319 2662; baseline 0.004 -36"><span class='ocrx_word' id='word_1_112' title='bbox 267 2557 396 2645; x_wconf 87' lang='lat' dir='ltr'>scendi,</span> <span class='ocrx_word' id='word_1_113' title='bbox 413 2562 592 2662; x_wconf 86' lang='lat' dir='ltr'>accepique</span> <span class='ocrx_word' id='word_1_114' title='bbox 610 2565 760 2654; x_wconf 85' lang='lat' dir='ltr'>praetoris</span> <span class='ocrx_word' id='word_1_115' title='bbox 778 2561 946 2650; x_wconf 88' lang='lat' dir='ltr'>lictorem,</span> <span class='ocrx_word' id='word_1_116' title='bbox 968 2565 1026 2656; x_wconf 88' lang='lat' dir='ltr'>qui</span> <span class='ocrx_word' id='word_1_117' title='bbox 1048 2587 1109 2657; x_wconf 93' lang='lat' dir='ltr'>pro</span> <span class='ocrx_word' id='word_1_118' title='bbox 1124 2561 1236 2630; x_wconf 89' lang='lat' dir='ltr'>officio</span> <span class='ocrx_word' id='word_1_119' title='bbox 1255 2587 1319 2630; x_wconf 87' lang='lat' dir='ltr'>cu·-</span> 
     </span>
     <span class='ocr_line' id='line_1_17' title="bbox 266 2709 1384 2810; baseline 0.002 -33"><span class='ocrx_word' id='word_1_120' title='bbox 266 2709 366 2777; x_wconf 83' lang='lat' dir='ltr'>rabat</span> <span class='ocrx_word' id='word_1_121' title='bbox 379 2725 567 2780; x_wconf 81' lang='lat' dir='ltr'>exterorum</span> <span class='ocrx_word' id='word_1_122' title='bbox 586 2715 722 2784; x_wconf 88' lang='lat' dir='ltr'>nomina</span> <span class='ocrx_word' id='word_1_123' title='bbox 742 2714 879 2781; x_wconf 88' lang='lat' dir='ltr'>inscribi</span> <span class='ocrx_word' id='word_1_124' title='bbox 893 2711 1092 2806; x_wconf 65' lang='lat' dir='ltr'>infpublicis</span> <span class='ocrx_word' id='word_1_125' title='bbox 1118 2711 1315 2796; x_wconf 85' lang='lat' dir='ltr'>codicibus,</span> <span class='ocrx_word' id='word_1_126' title='bbox 1383 2779 1384 2810; x_wconf 21' lang='grc' dir='ltr'>ἶ</span> 
     </span>
     <span class='ocr_line' id='line_1_18' title="bbox 268 2854 1316 2952; baseline 0.002 -28"><span class='ocrx_word' id='word_1_127' title='bbox 268 2856 352 2925; x_wconf 91' lang='lat' dir='ltr'>duos</span> <span class='ocrx_word' id='word_1_128' title='bbox 368 2858 489 2927; x_wconf 84' lang='lat' dir='ltr'>vidisse</span> <span class='ocrx_word' id='word_1_129' title='bbox 511 2854 655 2928; x_wconf 89' lang='lat' dir='ltr'>advenas</span> <span class='ocrx_word' id='word_1_130' title='bbox 676 2859 814 2928; x_wconf 91' lang='lat' dir='ltr'>domum</span> <span class='ocrx_word' id='word_1_131' title='bbox 832 2859 982 2952; x_wconf 82' lang='lat' dir='ltr'>ingredi,</span> <span class='ocrx_word' id='word_1_132' title='bbox 1003 2882 1148 2952; x_wconf 93' lang='lat' dir='ltr'>quorum</span> <span class='ocrx_word' id='word_1_133' title='bbox 1175 2860 1316 2926; x_wconf 88' lang='lat' dir='ltr'>nomina</span> 
     </span>
     <span class='ocr_line' id='line_1_19' title="bbox 268 3006 1315 3102; baseline 0.003 -30"><span class='ocrx_word' id='word_1_134' title='bbox 268 3006 418 3074; x_wconf 90' lang='lat' dir='ltr'>nondum</span> <span class='ocrx_word' id='word_1_135' title='bbox 436 3009 471 3075; x_wconf 90' lang='lat' dir='ltr'>in</span> <span class='ocrx_word' id='word_1_136' title='bbox 495 3023 568 3075; x_wconf 86' lang='lat' dir='ltr'>acta</span> <span class='ocrx_word' id='word_1_137' title='bbox 587 3006 764 3096; x_wconf 82' lang='lat' dir='ltr'>retulerat,</span> <span class='ocrx_word' id='word_1_138' title='bbox 785 3023 817 3076; x_wconf 84' lang='lat' dir='ltr'>ct</span> <span class='ocrx_word' id='word_1_139' title='bbox 837 3007 961 3077; x_wconf 89' lang='lat' dir='ltr'>idcirco</span> <span class='ocrx_word' id='word_1_140' title='bbox 981 3008 1022 3075; x_wconf 94' lang='lat' dir='ltr'>de</span> <span class='ocrx_word' id='word_1_141' title='bbox 1047 3006 1182 3076; x_wconf 89' lang='lat' dir='ltr'>illorum</span> <span class='ocrx_word' id='word_1_142' title='bbox 1203 3008 1315 3102; x_wconf 86' lang='lat' dir='ltr'>patria</span> 
     </span>
     <span class='ocr_line' id='line_1_20' title="bbox 268 3157 1316 3272; baseline 0.001 -50"><span class='ocrx_word' id='word_1_143' title='bbox 268 3169 302 3222; x_wconf 90' lang='lat' dir='ltr'>et</span> <span class='ocrx_word' id='word_1_144' title='bbox 320 3157 539 3272; x_wconf 75' lang='lat' dir='ltr'>qccupatione</span> <span class='ocrx_word' id='word_1_145' title='bbox 557 3157 736 3248; x_wconf 85' lang='lat' dir='ltr'>inquirere.</span> <span class='ocrx_word' id='word_1_146' title='bbox 755 3161 835 3226; x_wconf 80' lang='lat' dir='ltr'>liaec</span> <span class='ocrx_word' id='word_1_147' title='bbox 856 3158 901 3226; x_wconf 83' lang='lat' dir='ltr'>ita</span> <span class='ocrx_word' id='word_1_148' title='bbox 920 3157 1152 3256; x_wconf 75' lang='lat' dir='ltr'>perlunctqrie-</span> <span class='ocrx_word' id='word_1_149' title='bbox 1163 3157 1316 3224; x_wconf 79' lang='lat' dir='ltr'>narravit</span> 
     </span>
     <span class='ocr_line' id='line_1_21' title="bbox 267 3303 1314 3400; baseline 0.001 -29"><span class='ocrx_word' id='word_1_150' title='bbox 267 3303 463 3390; x_wconf 88' lang='lat' dir='ltr'>diversitor,</span> <span class='ocrx_word' id='word_1_151' title='bbox 482 3319 519 3372; x_wconf 92' lang='lat' dir='ltr'>ut</span> <span class='ocrx_word' id='word_1_152' title='bbox 543 3304 625 3373; x_wconf 92' lang='lat' dir='ltr'>mihi</span> <span class='ocrx_word' id='word_1_153' title='bbox 643 3307 865 3400; x_wconf 90' lang='lat' dir='ltr'>suspicionem</span> <span class='ocrx_word' id='word_1_154' title='bbox 882 3305 1027 3392; x_wconf 76' lang='lat' dir='ltr'>dederit,</span> <span class='ocrx_word' id='word_1_155' title='bbox 1045 3325 1106 3373; x_wconf 87' lang='lat' dir='ltr'>nos</span> <span class='ocrx_word' id='word_1_156' title='bbox 1118 3305 1173 3373; x_wconf 89' lang='lat' dir='ltr'>hic</span> <span class='ocrx_word' id='word_1_157' title='bbox 1191 3306 1314 3372; x_wconf 90' lang='lat' dir='ltr'>nonin</span> 
     </span>
     <span class='ocr_line' id='line_1_22' title="bbox 238 3432 1317 3547; baseline 0.002 -30"><span class='ocrx_word' id='word_1_158' title='bbox 238 3518 241 3527; x_wconf 69' lang='grc'>,</span> <span class='ocrx_word' id='word_1_159' title='bbox 267 3465 340 3518; x_wconf 84' lang='lat' dir='ltr'>tuto</span> <span class='ocrx_word' id='word_1_160' title='bbox 357 3476 444 3537; x_wconf 72' lang='lat' dir='ltr'>esse,</span> <span class='ocrx_word' id='word_1_161' title='bbox 463 3432 590 3546; x_wconf 79' lang='lat' dir='ltr'>atque,</span> <span class='ocrx_word' id='word_1_162' title='bbox 603 3479 646 3521; x_wconf 94' lang='lat' dir='ltr'>ne</span> <span class='ocrx_word' id='word_1_163' title='bbox 667 3453 1012 3547; x_wconf 88' lang='lat' dir='ltr'>deprehenderemur,</span> <span class='ocrx_word' id='word_1_164' title='bbox 1032 3452 1160 3547; x_wconf 86' lang='lat' dir='ltr'>placuit</span> <span class='ocrx_word' id='word_1_165' title='bbox 1179 3452 1317 3544; x_wconf 71' lang='lat' dir='ltr'>egredi,</span> 
     </span>
     <span class='ocr_line' id='line_1_23' title="bbox 267 3571 1320 3694; baseline -0.001 -27"><span class='ocrx_word' id='word_1_166' title='bbox 267 3571 348 3687; x_wconf 84' lang='lat' dir='ltr'>nec,</span> <span class='ocrx_word' id='word_1_167' title='bbox 367 3602 431 3669; x_wconf 83' lang='lat' dir='ltr'>nisi</span> <span class='ocrx_word' id='word_1_168' title='bbox 443 3602 562 3687; x_wconf 85' lang='lat' dir='ltr'>noctu,</span> <span class='ocrx_word' id='word_1_169' title='bbox 579 3601 715 3673; x_wconf 82' lang='lat' dir='ltr'>domum</span> <span class='ocrx_word' id='word_1_170' title='bbox 733 3616 899 3694; x_wconf 86' lang='lat' dir='ltr'>repetere:</span> <span class='ocrx_word' id='word_1_171' title='bbox 921 3604 1031 3694; x_wconf 84' lang='lat' dir='ltr'>itaque</span> <span class='ocrx_word' id='word_1_172' title='bbox 1047 3600 1255 3670; x_wconf 76' lang='lat' dir='ltr'>discedentes</span> <span class='ocrx_word' id='word_1_173' title='bbox 1269 3598 1320 3666; x_wconf 50' lang='lat' dir='ltr'>of*</span> 
     </span>
     <span class='ocr_line' id='line_1_24' title="bbox 266 3749 1319 3821; baseline -0.002 -5"><span class='ocrx_word' id='word_1_174' title='bbox 266 3749 379 3818; x_wconf 89' lang='lat' dir='ltr'>ficium</span> <span class='ocrx_word' id='word_1_175' title='bbox 396 3775 498 3818; x_wconf 86' lang='lat' dir='ltr'>coenae</span> <span class='ocrx_word' id='word_1_176' title='bbox 520 3751 644 3821; x_wconf 87' lang='lat' dir='ltr'>Gitoni</span> <span class='ocrx_word' id='word_1_177' title='bbox 667 3750 911 3818; x_wconf 86' lang='lat' dir='ltr'>mandavimus.</span> <span class='ocrx_word' id='word_1_178' title='bbox 940 3753 988 3820; x_wconf 90' lang='lat' dir='ltr'>Ut</span> <span class='ocrx_word' id='word_1_179' title='bbox 1012 3751 1109 3818; x_wconf 92' lang='lat' dir='ltr'>nobis</span> <span class='ocrx_word' id='word_1_180' title='bbox 1136 3751 1173 3818; x_wconf 90' lang='lat' dir='ltr'>in</span> <span class='ocrx_word' id='word_1_181' title='bbox 1200 3749 1319 3818; x_wconf 87' lang='lat' dir='ltr'>animo</span> 
     </span>
     <span class='ocr_line' id='line_1_25' title="bbox 266 3899 1314 4004; baseline -0.003 -38"><span class='ocrx_word' id='word_1_182' title='bbox 266 3915 335 3966; x_wconf 87' lang='lat' dir='ltr'>erat</span> <span class='ocrx_word' id='word_1_183' title='bbox 354 3901 424 3976; x_wconf 80' lang='lat' dir='ltr'>vias</span> <span class='ocrx_word' id='word_1_184' title='bbox 440 3899 591 4001; x_wconf 87' lang='lat' dir='ltr'>publicas</span> <span class='ocrx_word' id='word_1_185' title='bbox 608 3899 791 4004; x_wconf 78' lang='lat' dir='ltr'>declinare,</span> <span class='ocrx_word' id='word_1_186' title='bbox 810 3925 869 3994; x_wconf 90' lang='lat' dir='ltr'>per</span> <span class='ocrx_word' id='word_1_187' title='bbox 881 3899 1045 3968; x_wconf 86' lang='lat' dir='ltr'>solitarias</span> <span class='ocrx_word' id='word_1_188' title='bbox 1055 3899 1147 3967; x_wconf 91' lang='lat' dir='ltr'>urbis</span> <span class='ocrx_word' id='word_1_189' title='bbox 1162 3899 1314 3991; x_wconf 85' lang='lat' dir='ltr'>regiones</span> 
     </span>
    </p>
   </div>
   <div class='ocr_carea' id='block_1_5' title="bbox 265 4046 1314 4140">
    <p class='ocr_par' dir='ltr' id='par_1_5' title="bbox 265 4046 1314 4140">
     <span class='ocr_line' id='line_1_26' title="bbox 265 4046 1314 4140; baseline -0.002 -26"><span class='ocrx_word' id='word_1_190' title='bbox 265 4048 452 4139; x_wconf 79' lang='lat' dir='ltr'>gradimur,</span> <span class='ocrx_word' id='word_1_191' title='bbox 473 4064 506 4116; x_wconf 88' lang='lat' dir='ltr'>et</span> <span class='ocrx_word' id='word_1_192' title='bbox 518 4051 580 4117; x_wconf 90' lang='lat' dir='ltr'>sub</span> <span class='ocrx_word' id='word_1_193' title='bbox 593 4073 768 4140; x_wconf 90' lang='lat' dir='ltr'>vesperum</span> <span class='ocrx_word' id='word_1_194' title='bbox 785 4050 820 4115; x_wconf 94' lang='lat' dir='ltr'>in</span> <span class='ocrx_word' id='word_1_195' title='bbox 836 4046 908 4116; x_wconf 91' lang='lat' dir='ltr'>loco</span> <span class='ocrx_word' id='word_1_196' title='bbox 925 4063 1050 4116; x_wconf 89' lang='lat' dir='ltr'>semoto</span> <span class='ocrx_word' id='word_1_197' title='bbox 1065 4049 1181 4116; x_wconf 87' lang='lat' dir='ltr'>obvias</span> <span class='ocrx_word' id='word_1_198' title='bbox 1194 4047 1314 4116; x_wconf 81' lang='lat' dir='ltr'>habui·</span> 
     </span>
    </p>
   </div>
   <div class='ocr_carea' id='block_1_6' title="bbox 0 0 1416 4684">
    <p class='ocr_par' dir='ltr' id='par_1_6' title="bbox 0 0 1416 4684">
     <span class='ocr_line' id='line_1_27' title="bbox 0 0 1416 4684; baseline 0 0"><span class='ocrx_word' id='word_1_199' title='bbox 0 0 1416 4684; x_wconf 95' lang='lat' dir='ltr'> </span> 
     </span>
    </p>
   </div>
  </div>
 </body>
</html>
