<?xml version="1.0" encoding="UTF-8"?>
<!DOCTYPE html PUBLIC "-//W3C//DTD XHTML 1.0 Transitional//EN"
    "http://www.w3.org/TR/xhtml1/DTD/xhtml1-transitional.dtd">
<html xmlns="http://www.w3.org/1999/xhtml" xml:lang="en" lang="en">
 <head>
  <title>
</title>
<meta http-equiv="Content-Type" content="text/html;charset=utf-8" />
  <meta name='ocr-system' content='tesseract 3.04.00' />
  <meta name='ocr-capabilities' content='ocr_page ocr_carea ocr_par ocr_line ocrx_word'/>
</head>
<body>
  <div class='ocr_page' id='page_1' title='image "./lesatyricondetp00conggoog_0135.png"; bbox 0 0 2817 4684; ppageno 0'>
   <div class='ocr_carea' id='block_1_1' title="bbox 259 405 1011 464">
    <p class='ocr_par' dir='ltr' id='par_1_1' title="bbox 259 405 1011 464">
     <span class='ocr_line' id='line_1_1' title="bbox 259 405 1011 464; baseline 0.003 -6"><span class='ocrx_word' id='word_1_1' title='bbox 259 421 312 458; x_wconf 78' lang='lat'><strong>122</strong></span> <span class='ocrx_word' id='word_1_2' title='bbox 530 407 563 461; x_wconf 90' lang='lat' dir='ltr'><strong>T.</strong></span> <span class='ocrx_word' id='word_1_3' title='bbox 583 405 765 462; x_wconf 80' lang='lat' dir='ltr'><strong>PuTuoNtt</strong></span> <span class='ocrx_word' id='word_1_4' title='bbox 785 407 1011 464; x_wconf 73' lang='lat' dir='ltr'>SATYRICON.</span> 
     </span>
    </p>
   </div>
   <div class='ocr_carea' id='block_1_2' title="bbox 255 673 917 766">
    <p class='ocr_par' dir='ltr' id='par_1_2' title="bbox 255 673 917 766">
     <span class='ocr_line' id='line_1_2' title="bbox 255 673 917 766; baseline 0.009 -28"><span class='ocrx_word' id='word_1_5' title='bbox 255 673 344 741; x_wconf 90' lang='lat' dir='ltr'><strong>enim</strong></span> <span class='ocrx_word' id='word_1_6' title='bbox 360 689 436 766; x_wconf 90' lang='lat' dir='ltr'><strong>post</strong></span> <span class='ocrx_word' id='word_1_7' title='bbox 451 673 586 743; x_wconf 87' lang='lat' dir='ltr'><strong>asellum</strong></span> <span class='ocrx_word' id='word_1_8' title='bbox 605 676 710 744; x_wconf 90' lang='lat' dir='ltr'><strong>diaria</strong></span> <span class='ocrx_word' id='word_1_9' title='bbox 726 699 794 744; x_wconf 90' lang='lat' dir='ltr'><strong>non</strong></span> <span class='ocrx_word' id='word_1_10' title='bbox 812 701 917 744; x_wconf 89' lang='lat' dir='ltr'><strong>sumo.</strong></span> 
     </span>
    </p>
   </div>
   <div class='ocr_carea' id='block_1_3' title="bbox 619 895 932 962">
    <p class='ocr_par' dir='ltr' id='par_1_3' title="bbox 619 895 932 962">
     <span class='ocr_line' id='line_1_3' title="bbox 619 895 932 962; baseline -0.006 0"><span class='ocrx_word' id='word_1_11' title='bbox 619 895 783 962; x_wconf 84' lang='lat' dir='ltr'><strong>CAPUT</strong></span> <span class='ocrx_word' id='word_1_12' title='bbox 814 895 932 961; x_wconf 85' lang='lat' dir='ltr'>XXV.</span> 
     </span>
    </p>
   </div>
   <div class='ocr_carea' id='block_1_4' title="bbox 302 1099 1299 1197">
    <p class='ocr_par' dir='ltr' id='par_1_4' title="bbox 302 1099 1393 1216">
     <span class='ocr_line' id='line_1_4' title="bbox 302 1099 1299 1197; baseline 0.005 -32"><span class='ocrx_word' id='word_1_13' title='bbox 302 1099 416 1186; x_wconf 90' lang='lat' dir='ltr'><strong>Quum</strong></span> <span class='ocrx_word' id='word_1_14' title='bbox 441 1100 510 1168; x_wconf 82' lang='lat' dir='ltr'><strong>haec</strong></span> <span class='ocrx_word' id='word_1_15' title='bbox 539 1102 692 1190; x_wconf 84' lang='lat' dir='ltr'><strong>diceret,</strong></span> <span class='ocrx_word' id='word_1_16' title='bbox 711 1102 753 1170; x_wconf 89' lang='lat' dir='ltr'><strong>ad</strong></span> <span class='ocrx_word' id='word_1_17' title='bbox 782 1128 896 1172; x_wconf 86' lang='lat' dir='ltr'><strong>aurem</strong></span> <span class='ocrx_word' id='word_1_18' title='bbox 922 1100 993 1197; x_wconf 83' lang='lat' dir='ltr'><strong>ejus</strong></span> <span class='ocrx_word' id='word_1_19' title='bbox 1023 1104 1148 1197; x_wconf 84' lang='lat' dir='ltr'>Psyche</span> <span class='ocrx_word' id='word_1_20' title='bbox 1182 1103 1299 1170; x_wconf 88' lang='lat' dir='ltr'><strong>ridens</strong></span> 
     </span>
    </p>
   </div>
   <div class='ocr_carea' id='block_1_5' title="bbox 253 1215 1299 1339">
    <p class='ocr_par' dir='ltr' id='par_1_5' title="bbox 253 1215 1299 1339">
     <span class='ocr_line' id='line_1_5' title="bbox 253 1215 1299 1339; baseline 0.002 -29"><span class='ocrx_word' id='word_1_21' title='bbox 253 1215 404 1330; x_wconf 68' lang='lat' dir='ltr'><strong>accessit,</strong></span> <span class='ocrx_word' id='word_1_22' title='bbox 423 1257 456 1311; x_wconf 90' lang='lat' dir='ltr'><strong>et</strong></span> <span class='ocrx_word' id='word_1_23' title='bbox 467 1269 571 1336; x_wconf 91' lang='lat' dir='ltr'><strong>quum</strong></span> <span class='ocrx_word' id='word_1_24' title='bbox 587 1245 724 1313; x_wconf 80' lang='lat' dir='ltr'><strong>dixisset</strong></span> <span class='ocrx_word' id='word_1_25' title='bbox 739 1248 849 1314; x_wconf 89' lang='lat' dir='ltr'><strong>nescio</strong></span> <span class='ocrx_word' id='word_1_26' title='bbox 865 1244 1088 1339; x_wconf 88' lang='lat' dir='ltr'><strong>quid,-Ita,</strong></span> <span class='ocrx_word' id='word_1_27' title='bbox 1109 1247 1165 1332; x_wconf 87' lang='lat' dir='ltr'><strong>ita,</strong></span> <span class='ocrx_word' id='word_1_28' title='bbox 1185 1247 1299 1338; x_wconf 88' lang='lat' dir='ltr'><strong>inquit</strong></span> 
     </span>
    </p>
   </div>
   <div class='ocr_carea' id='block_1_6' title="bbox 253 1373 1393 1484">
    <p class='ocr_par' dir='ltr' id='par_1_6' title="bbox 253 1373 1393 1484">
     <span class='ocr_line' id='line_1_6' title="bbox 253 1373 1393 1484; baseline 0.003 -30"><span class='ocrx_word' id='word_1_29' title='bbox 253 1373 434 1475; x_wconf 83' lang='lat' dir='ltr'><strong>Quartilla,</strong></span> <span class='ocrx_word' id='word_1_30' title='bbox 456 1388 541 1456; x_wconf 91' lang='lat' dir='ltr'><strong>bene</strong></span> <span class='ocrx_word' id='word_1_31' title='bbox 565 1387 795 1457; x_wconf 89' lang='lat' dir='ltr'><strong>admonuisti:</strong></span> <span class='ocrx_word' id='word_1_32' title='bbox 815 1415 875 1458; x_wconf 89' lang='lat' dir='ltr'><strong>cur</strong></span> <span class='ocrx_word' id='word_1_33' title='bbox 902 1415 990 1478; x_wconf 90' lang='lat' dir='ltr'><strong>non,</strong></span> <span class='ocrx_word' id='word_1_34' title='bbox 1018 1393 1097 1484; x_wconf 91' lang='lat' dir='ltr'><strong>quia</strong></span> <span class='ocrx_word' id='word_1_35' title='bbox 1118 1389 1300 1458; x_wconf 88' lang='lat' dir='ltr'><strong>bellissima</strong></span> <span class='ocrx_word' id='word_1_36' title='bbox 1392 1467 1393 1476; x_wconf 8' lang='grc' dir='ltr'>χ</span> 
     </span>
    </p>
   </div>
   <div class='ocr_carea' id='block_1_7' title="bbox 254 1532 1393 1629">
    <p class='ocr_par' dir='ltr' id='par_1_7' title="bbox 254 1532 1393 1629">
     <span class='ocr_line' id='line_1_7' title="bbox 254 1532 1393 1629; baseline 0.005 -30"><span class='ocrx_word' id='word_1_37' title='bbox 254 1533 383 1600; x_wconf 86' lang='lat' dir='ltr'><strong>occasio</strong></span> <span class='ocrx_word' id='word_1_38' title='bbox 397 1547 455 1619; x_wconf 89' lang='lat' dir='ltr'><strong>est,</strong></span> <span class='ocrx_word' id='word_1_39' title='bbox 471 1532 698 1626; x_wconf 79' lang='lat' dir='ltr'><strong>devirginatur</strong></span> <span class='ocrx_word' id='word_1_40' title='bbox 709 1535 896 1629; x_wconf 87' lang='lat' dir='ltr'><strong>Pannychis</strong></span> <span class='ocrx_word' id='word_1_41' title='bbox 909 1537 1044 1605; x_wconf 81' lang='lat' dir='ltr'><strong>nostra?</strong></span> <span class='ocrx_word' id='word_1_42' title='bbox 1054 1578 1100 1589; x_wconf 83' lang='lat'><strong>-</strong></span> <span class='ocrx_word' id='word_1_43' title='bbox 1109 1539 1301 1606; x_wconf 89' lang='lat' dir='ltr'><strong>Continuo-</strong></span> <span class='ocrx_word' id='word_1_44' title='bbox 1392 1537 1393 1558; x_wconf 63' lang='lat'>¹</span> 
     </span>
    </p>
   </div>
   <div class='ocr_carea' id='block_1_8' title="bbox 223 1677 1393 1790">
    <p class='ocr_par' dir='ltr' id='par_1_8' title="bbox 223 1677 1393 1790">
     <span class='ocr_line' id='line_1_8' title="bbox 223 1677 1393 1790; baseline 0.007 -48"><span class='ocrx_word' id='word_1_45' title='bbox 223 1758 228 1771; x_wconf 37' lang='grc' dir='ltr'>Ι</span> <span class='ocrx_word' id='word_1_46' title='bbox 254 1700 319 1766; x_wconf 89' lang='lat' dir='ltr'><strong>que</strong></span> <span class='ocrx_word' id='word_1_47' title='bbox 342 1677 505 1769; x_wconf 91' lang='lat' dir='ltr'><strong>producta</strong></span> <span class='ocrx_word' id='word_1_48' title='bbox 529 1692 578 1746; x_wconf 92' lang='lat' dir='ltr'><strong>est</strong></span> <span class='ocrx_word' id='word_1_49' title='bbox 602 1678 729 1772; x_wconf 90' lang='lat' dir='ltr'><strong>puella,</strong></span> <span class='ocrx_word' id='word_1_50' title='bbox 754 1683 831 1748; x_wconf 90' lang='lat' dir='ltr'><strong>satis</strong></span> <span class='ocrx_word' id='word_1_51' title='bbox 847 1681 951 1768; x_wconf 89' lang='lat' dir='ltr'><strong>bella,</strong></span> <span class='ocrx_word' id='word_1_52' title='bbox 975 1697 1008 1750; x_wconf 89' lang='lat' dir='ltr'><strong>et</strong></span> <span class='ocrx_word' id='word_1_53' title='bbox 1029 1707 1102 1774; x_wconf 83' lang='lat' dir='ltr'><strong>quae</strong></span> <span class='ocrx_word' id='word_1_54' title='bbox 1122 1707 1192 1750; x_wconf 90' lang='lat' dir='ltr'><strong>non</strong></span> <span class='ocrx_word' id='word_1_55' title='bbox 1221 1681 1299 1775; x_wconf 90' lang='lat' dir='ltr'><strong>plus</strong></span> <span class='ocrx_word' id='word_1_56' title='bbox 1392 1769 1393 1790; x_wconf 13' lang='grc' dir='ltr'><strong>Χ</strong></span> 
     </span>
    </p>
   </div>
   <div class='ocr_carea' id='block_1_9' title="bbox 254 1824 1300 2057">
    <p class='ocr_par' dir='ltr' id='par_1_9' title="bbox 254 1824 1300 2057">
     <span class='ocr_line' id='line_1_9' title="bbox 255 1824 1300 1921; baseline 0.007 -34"><span class='ocrx_word' id='word_1_57' title='bbox 255 1846 355 1913; x_wconf 88' lang='lat' dir='ltr'><strong>quam</strong></span> <span class='ocrx_word' id='word_1_58' title='bbox 373 1837 497 1914; x_wconf 82' lang='lat' dir='ltr'><strong>septem</strong></span> <span class='ocrx_word' id='word_1_59' title='bbox 515 1848 621 1890; x_wconf 91' lang='lat' dir='ltr'><strong>annos</strong></span> <span class='ocrx_word' id='word_1_60' title='bbox 641 1824 762 1892; x_wconf 89' lang='lat' dir='ltr'><strong>babere</strong></span> <span class='ocrx_word' id='word_1_61' title='bbox 780 1824 973 1912; x_wconf 89' lang='lat' dir='ltr'><strong>videbatur,</strong></span> <span class='ocrx_word' id='word_1_62' title='bbox 996 1839 1029 1893; x_wconf 90' lang='lat' dir='ltr'><strong>et</strong></span> <span class='ocrx_word' id='word_1_63' title='bbox 1054 1851 1092 1893; x_wconf 93' lang='lat' dir='ltr'><strong>ea</strong></span> <span class='ocrx_word' id='word_1_64' title='bbox 1110 1828 1196 1921; x_wconf 89' lang='lat' dir='ltr'><strong>ipsa,</strong></span> <span class='ocrx_word' id='word_1_65' title='bbox 1222 1852 1300 1918; x_wconf 84' lang='lat' dir='ltr'><strong>quae</strong></span> 
     </span>
     <span class='ocr_line' id='line_1_10' title="bbox 254 1967 1298 2057; baseline 0.007 -26"><span class='ocrx_word' id='word_1_66' title='bbox 254 1967 399 2057; x_wconf 90' lang='lat' dir='ltr'><strong>primum</strong></span> <span class='ocrx_word' id='word_1_67' title='bbox 417 1985 493 2034; x_wconf 81' lang='lat' dir='ltr'><strong>cu&#39;m</strong></span> <span class='ocrx_word' id='word_1_68' title='bbox 505 1967 671 2056; x_wconf 88' lang='lat' dir='ltr'><strong>Quartilla</strong></span> <span class='ocrx_word' id='word_1_69' title='bbox 688 1970 724 2035; x_wconf 93' lang='lat' dir='ltr'><strong>in</strong></span> <span class='ocrx_word' id='word_1_70' title='bbox 739 1967 854 2036; x_wconf 89' lang='lat' dir='ltr'><strong>cellam</strong></span> <span class='ocrx_word' id='word_1_71' title='bbox 868 1984 1004 2038; x_wconf 88' lang='lat' dir='ltr'><strong>venerat</strong></span> <span class='ocrx_word' id='word_1_72' title='bbox 1018 1985 1177 2038; x_wconf 90' lang='lat' dir='ltr'><strong>nostram.</strong></span> <span class='ocrx_word' id='word_1_73' title='bbox 1196 1970 1298 2039; x_wconf 89' lang='lat' dir='ltr'><strong>Plau-</strong></span> 
     </span>
    </p>
   </div>
   <div class='ocr_carea' id='block_1_10' title="bbox 255 2109 1299 2207">
    <p class='ocr_par' dir='ltr' id='par_1_10' title="bbox 255 2109 1299 2207">
     <span class='ocr_line' id='line_1_11' title="bbox 255 2109 1299 2207; baseline 0.009 -32"><span class='ocrx_word' id='word_1_74' title='bbox 255 2109 409 2177; x_wconf 88' lang='lat' dir='ltr'><strong>dentibus</strong></span> <span class='ocrx_word' id='word_1_75' title='bbox 432 2134 512 2201; x_wconf 83' lang='lat' dir='ltr'><strong>ergo</strong></span> <span class='ocrx_word' id='word_1_76' title='bbox 528 2112 706 2198; x_wconf 89' lang='lat' dir='ltr'><strong>universis,</strong></span> <span class='ocrx_word' id='word_1_77' title='bbox 724 2112 1039 2206; x_wconf 85' lang='lat' dir='ltr'><strong>etpostulantibus,</strong></span> <span class='ocrx_word' id='word_1_78' title='bbox 1060 2116 1193 2207; x_wconf 88' lang='lat' dir='ltr'><strong>nuptias</strong></span> <span class='ocrx_word' id='word_1_79' title='bbox 1211 2115 1299 2184; x_wconf 85' lang='lat' dir='ltr'><strong>fece-</strong></span> 
     </span>
    </p>
   </div>
   <div class='ocr_carea' id='block_1_11' title="bbox 253 2254 1393 2346">
    <p class='ocr_par' dir='ltr' id='par_1_11' title="bbox 253 2254 1393 2346">
     <span class='ocr_line' id='line_1_12' title="bbox 253 2254 1393 2346; baseline 0.007 -27"><span class='ocrx_word' id='word_1_80' title='bbox 253 2267 345 2321; x_wconf 88' lang='lat' dir='ltr'><strong>runt.</strong></span> <span class='ocrx_word' id='word_1_81' title='bbox 364 2254 531 2346; x_wconf 85' lang='lat' dir='ltr'><strong>Obstupui</strong></span> <span class='ocrx_word' id='word_1_82' title='bbox 549 2279 627 2346; x_wconf 81' lang='lat' dir='ltr'><strong>ego,</strong></span> <span class='ocrx_word' id='word_1_83' title='bbox 645 2270 693 2343; x_wconf 93' lang='lat' dir='ltr'><strong>et,</strong></span> <span class='ocrx_word' id='word_1_84' title='bbox 720 2281 781 2324; x_wconf 91' lang='lat' dir='ltr'><strong>nec</strong></span> <span class='ocrx_word' id='word_1_85' title='bbox 806 2259 951 2344; x_wconf 89' lang='lat' dir='ltr'><strong>Gitona,</strong></span> <span class='ocrx_word' id='word_1_86' title='bbox 978 2259 1299 2327; x_wconf 87' lang='lat' dir='ltr'><strong>verecundissimum</strong></span> <span class='ocrx_word' id='word_1_87' title='bbox 1392 2271 1393 2318; x_wconf 62' lang='lat' dir='ltr'><strong>l</strong></span> 
     </span>
    </p>
   </div>
   <div class='ocr_carea' id='block_1_12' title="bbox 255 2397 1300 2497">
    <p class='ocr_par' dir='ltr' id='par_1_12' title="bbox 255 2397 1300 2497">
     <span class='ocr_line' id='line_1_13' title="bbox 255 2397 1300 2497; baseline 0.008 -34"><span class='ocrx_word' id='word_1_88' title='bbox 255 2422 413 2489; x_wconf 89' lang='lat' dir='ltr'><strong>puerum,</strong></span> <span class='ocrx_word' id='word_1_89' title='bbox 432 2397 582 2465; x_wconf 87' lang='lat' dir='ltr'><strong>sufficere</strong></span> <span class='ocrx_word' id='word_1_90' title='bbox 608 2398 685 2468; x_wconf 92' lang='lat' dir='ltr'><strong>huic</strong></span> <span class='ocrx_word' id='word_1_91' title='bbox 702 2399 907 2492; x_wconf 76' lang='lat' dir='ltr'><strong>petulantiae,</strong></span> <span class='ocrx_word' id='word_1_92' title='bbox 928 2401 1106 2488; x_wconf 87' lang='lat' dir='ltr'><strong>affirmavi;</strong></span> <span class='ocrx_word' id='word_1_93' title='bbox 1125 2427 1186 2472; x_wconf 92' lang='lat' dir='ltr'><strong>nec</strong></span> <span class='ocrx_word' id='word_1_94' title='bbox 1206 2403 1300 2497; x_wconf 92' lang='lat' dir='ltr'><strong>puel·</strong></span> 
     </span>
    </p>
   </div>
   <div class='ocr_carea' id='block_1_13' title="bbox 255 2539 1393 2642">
    <p class='ocr_par' dir='ltr' id='par_1_13' title="bbox 255 2539 1393 2642">
     <span class='ocr_line' id='line_1_14' title="bbox 255 2539 1393 2642; baseline 0.008 -35"><span class='ocrx_word' id='word_1_95' title='bbox 255 2539 319 2607; x_wconf 91' lang='lat' dir='ltr'><strong>lam</strong></span> <span class='ocrx_word' id='word_1_96' title='bbox 336 2541 406 2632; x_wconf 89' lang='lat' dir='ltr'><strong>ejus</strong></span> <span class='ocrx_word' id='word_1_97' title='bbox 423 2543 526 2610; x_wconf 80' lang='lat' dir='ltr'><strong>aetatis</strong></span> <span class='ocrx_word' id='word_1_98' title='bbox 541 2567 630 2630; x_wconf 91' lang='lat' dir='ltr'><strong>esse,</strong></span> <span class='ocrx_word' id='word_1_99' title='bbox 649 2559 687 2611; x_wconf 89' lang='lat' dir='ltr'><strong>ut</strong></span> <span class='ocrx_word' id='word_1_100' title='bbox 702 2543 872 2612; x_wconf 86' lang='lat' dir='ltr'><strong>muliebris</strong></span> <span class='ocrx_word' id='word_1_101' title='bbox 888 2548 1055 2638; x_wconf 85' lang='lat' dir='ltr'><strong>patientiae</strong></span> <span class='ocrx_word' id='word_1_102' title='bbox 1069 2545 1174 2639; x_wconf 80' lang='lat' dir='ltr'><strong>legem</strong></span> <span class='ocrx_word' id='word_1_103' title='bbox 1192 2549 1299 2642; x_wconf 90' lang='lat' dir='ltr'><strong>possit</strong></span> <span class='ocrx_word' id='word_1_104' title='bbox 1392 2571 1393 2634; x_wconf 71' lang='lat' dir='ltr'>j</span> 
     </span>
    </p>
   </div>
   <div class='ocr_carea' id='block_1_14' title="bbox 216 2677 1393 2784">
    <p class='ocr_par' dir='ltr' id='par_1_14' title="bbox 216 2677 1393 2784">
     <span class='ocr_line' id='line_1_15' title="bbox 216 2677 1393 2784; baseline 0.006 -32"><span class='ocrx_word' id='word_1_105' title='bbox 216 2720 222 2728; x_wconf 91' lang='lat'><strong>·</strong></span> <span class='ocrx_word' id='word_1_106' title='bbox 254 2687 412 2777; x_wconf 86' lang='lat' dir='ltr'><strong>accipere.</strong></span> <span class='ocrx_word' id='word_1_107' title='bbox 433 2725 477 2740; x_wconf 90' lang='lat'>-</span> <span class='ocrx_word' id='word_1_108' title='bbox 491 2677 569 2754; x_wconf 83' lang='lat' dir='ltr'><strong>lta?</strong></span> <span class='ocrx_word' id='word_1_109' title='bbox 586 2689 697 2780; x_wconf 91' lang='lat' dir='ltr'><strong>inquit</strong></span> <span class='ocrx_word' id='word_1_110' title='bbox 711 2688 894 2777; x_wconf 83' lang='lat' dir='ltr'><strong>Quartilla,</strong></span> <span class='ocrx_word' id='word_1_111' title='bbox 909 2692 1020 2757; x_wconf 89' lang='lat' dir='ltr'><strong>minor</strong></span> <span class='ocrx_word' id='word_1_112' title='bbox 1032 2705 1081 2758; x_wconf 91' lang='lat' dir='ltr'><strong>est</strong></span> <span class='ocrx_word' id='word_1_113' title='bbox 1098 2692 1159 2758; x_wconf 88' lang='lat' dir='ltr'><strong>ista</strong></span> <span class='ocrx_word' id='word_1_114' title='bbox 1173 2742 1182 2779; x_wconf 95' lang='lat'><strong>,</strong></span> <span class='ocrx_word' id='word_1_115' title='bbox 1194 2717 1299 2784; x_wconf 91' lang='lat' dir='ltr'><strong>quam</strong></span> <span class='ocrx_word' id='word_1_116' title='bbox 1392 2689 1393 2718; x_wconf 75' lang='lat'><em>³</em></span> 
     </span>
    </p>
   </div>
   <div class='ocr_carea' id='block_1_15' title="bbox 254 2828 1297 2930">
    <p class='ocr_par' dir='ltr' id='par_1_15' title="bbox 254 2828 1297 2930">
     <span class='ocr_line' id='line_1_16' title="bbox 254 2828 1297 2930; baseline 0.005 -35"><span class='ocrx_word' id='word_1_117' title='bbox 254 2853 316 2920; x_wconf 84' lang='lat' dir='ltr'><strong>ego</strong></span> <span class='ocrx_word' id='word_1_118' title='bbox 329 2828 387 2916; x_wconf 78' lang='lat' dir='ltr'><strong>liii,</strong></span> <span class='ocrx_word' id='word_1_119' title='bbox 397 2854 500 2922; x_wconf 87' lang='lat' dir='ltr'><strong>quum</strong></span> <span class='ocrx_word' id='word_1_120' title='bbox 516 2832 661 2922; x_wconf 91' lang='lat' dir='ltr'><strong>primum</strong></span> <span class='ocrx_word' id='word_1_121' title='bbox 679 2832 790 2897; x_wconf 86' lang='lat' dir='ltr'><strong>virum</strong></span> <span class='ocrx_word' id='word_1_122' title='bbox 800 2855 895 2930; x_wconf 85' lang='lat' dir='ltr'><strong>passa</strong></span> <span class='ocrx_word' id='word_1_123' title='bbox 908 2831 1000 2899; x_wconf 81' lang='lat' dir='ltr'><strong>sum?</strong></span> <span class='ocrx_word' id='word_1_124' title='bbox 1009 2835 1028 2903; x_wconf 87' lang='lat' dir='ltr'>J</span> <span class='ocrx_word' id='word_1_125' title='bbox 1030 2857 1175 2900; x_wconf 90' lang='lat' dir='ltr'><strong>unonem</strong></span> <span class='ocrx_word' id='word_1_126' title='bbox 1189 2859 1297 2900; x_wconf 88' lang='lat' dir='ltr'><strong>meam</strong></span> 
     </span>
    </p>
   </div>
   <div class='ocr_carea' id='block_1_16' title="bbox 255 2973 1393 3070">
    <p class='ocr_par' dir='ltr' id='par_1_16' title="bbox 255 2973 1393 3070">
     <span class='ocr_line' id='line_1_17' title="bbox 255 2973 1393 3070; baseline 0.005 -29"><span class='ocrx_word' id='word_1_127' title='bbox 255 2976 371 3041; x_wconf 90' lang='lat' dir='ltr'><strong>iratam</strong></span> <span class='ocrx_word' id='word_1_128' title='bbox 390 2973 545 3060; x_wconf 81' lang='lat' dir='ltr'><strong>habeam,</strong></span> <span class='ocrx_word' id='word_1_129' title='bbox 581 2976 608 3041; x_wconf 87' lang='lat' dir='ltr'><strong>si</strong></span> <span class='ocrx_word' id='word_1_130' title='bbox 638 2999 787 3067; x_wconf 90' lang='lat' dir='ltr'><strong>unquam</strong></span> <span class='ocrx_word' id='word_1_131' title='bbox 818 3001 871 3043; x_wconf 78' lang='lat' dir='ltr'><strong>nse</strong></span> <span class='ocrx_word' id='word_1_132' title='bbox 900 2977 1106 3044; x_wconf 88' lang='lat' dir='ltr'><strong>meminerim</strong></span> <span class='ocrx_word' id='word_1_133' title='bbox 1131 2979 1296 3070; x_wconf 86' lang='lat' dir='ltr'><strong>virginem</strong></span> <span class='ocrx_word' id='word_1_134' title='bbox 1351 2993 1353 3000; x_wconf 89' lang='lat'>&#39;</span> <span class='ocrx_word' id='word_1_135' title='bbox 1392 3005 1393 3032; x_wconf 39' lang='grc' dir='ltr'>ὲ</span> 
     </span>
    </p>
   </div>
   <div class='ocr_carea' id='block_1_17' title="bbox 251 3117 1297 3213">
    <p class='ocr_par' dir='ltr' id='par_1_17' title="bbox 251 3117 1297 3213">
     <span class='ocr_line' id='line_1_18' title="bbox 251 3117 1297 3213; baseline 0.004 -26"><span class='ocrx_word' id='word_1_136' title='bbox 251 3117 362 3187; x_wconf 83' lang='lat' dir='ltr'><strong>fuisse.</strong></span> <span class='ocrx_word' id='word_1_137' title='bbox 379 3119 465 3187; x_wconf 88' lang='lat' dir='ltr'><strong>Nam</strong></span> <span class='ocrx_word' id='word_1_138' title='bbox 490 3132 523 3185; x_wconf 91' lang='lat' dir='ltr'><strong>et</strong></span> <span class='ocrx_word' id='word_1_139' title='bbox 548 3118 657 3186; x_wconf 87' lang='lat' dir='ltr'><strong>infans</strong></span> <span class='ocrx_word' id='word_1_140' title='bbox 684 3143 761 3186; x_wconf 85' lang='lat' dir='ltr'><strong>curn</strong></span> <span class='ocrx_word' id='word_1_141' title='bbox 780 3120 915 3212; x_wconf 86' lang='lat' dir='ltr'><strong>paribus</strong></span> <span class='ocrx_word' id='word_1_142' title='bbox 945 3121 1119 3213; x_wconf 89' lang='lat' dir='ltr'><strong>inquinata</strong></span> <span class='ocrx_word' id='word_1_143' title='bbox 1144 3147 1237 3210; x_wconf 92' lang='lat' dir='ltr'><strong>sum,</strong></span> <span class='ocrx_word' id='word_1_144' title='bbox 1262 3139 1297 3191; x_wconf 92' lang='lat' dir='ltr'><strong>et</strong></span> 
     </span>
    </p>
   </div>
   <div class='ocr_carea' id='block_1_18' title="bbox 254 3261 1294 3359">
    <p class='ocr_par' dir='ltr' id='par_1_18' title="bbox 254 3261 1393 3359">
     <span class='ocr_line' id='line_1_19' title="bbox 254 3261 1294 3359; baseline 0.002 -29"><span class='ocrx_word' id='word_1_145' title='bbox 254 3262 394 3331; x_wconf 90' lang='lat' dir='ltr'><strong>subinde</strong></span> <span class='ocrx_word' id='word_1_146' title='bbox 411 3261 651 3355; x_wconf 87' lang='lat' dir='ltr'><strong>prodeuntibus</strong></span> <span class='ocrx_word' id='word_1_147' title='bbox 673 3265 791 3349; x_wconf 91' lang='lat' dir='ltr'><strong>annis,</strong></span> <span class='ocrx_word' id='word_1_148' title='bbox 820 3265 1000 3358; x_wconf 83' lang='lat' dir='ltr'><strong>majoribus</strong></span> <span class='ocrx_word' id='word_1_149' title='bbox 1024 3290 1077 3333; x_wconf 90' lang='lat' dir='ltr'><strong>me</strong></span> <span class='ocrx_word' id='word_1_150' title='bbox 1094 3268 1204 3358; x_wconf 89' lang='lat' dir='ltr'><strong>pueris</strong></span> <span class='ocrx_word' id='word_1_151' title='bbox 1233 3292 1294 3359; x_wconf 91' lang='lat' dir='ltr'><strong>ap·</strong></span> 
     </span>
    </p>
   </div>
   <div class='ocr_carea' id='block_1_19' title="bbox 251 3405 1295 3505">
    <p class='ocr_par' dir='ltr' id='par_1_19' title="bbox 251 3405 1295 3505">
     <span class='ocr_line' id='line_1_20' title="bbox 251 3405 1295 3505; baseline 0.005 -32"><span class='ocrx_word' id='word_1_152' title='bbox 251 3406 371 3499; x_wconf 89' lang='lat' dir='ltr'><strong>plicui,</strong></span> <span class='ocrx_word' id='word_1_153' title='bbox 390 3405 496 3474; x_wconf 89' lang='lat' dir='ltr'><strong>donec</strong></span> <span class='ocrx_word' id='word_1_154' title='bbox 512 3405 554 3472; x_wconf 92' lang='lat' dir='ltr'><strong>ad</strong></span> <span class='ocrx_word' id='word_1_155' title='bbox 574 3406 660 3473; x_wconf 87' lang='lat' dir='ltr'><strong>hanc</strong></span> <span class='ocrx_word' id='word_1_156' title='bbox 680 3421 808 3474; x_wconf 85' lang='lat' dir='ltr'><strong>aetatem</strong></span> <span class='ocrx_word' id='word_1_157' title='bbox 826 3410 971 3501; x_wconf 88' lang='lat' dir='ltr'><strong>perveni.</strong></span> <span class='ocrx_word' id='word_1_158' title='bbox 994 3411 1082 3480; x_wconf 86' lang='lat' dir='ltr'><strong>Hinc</strong></span> <span class='ocrx_word' id='word_1_159' title='bbox 1097 3413 1197 3478; x_wconf 88' lang='lat' dir='ltr'><strong>etiam</strong></span> <span class='ocrx_word' id='word_1_160' title='bbox 1212 3426 1295 3505; x_wconf 91' lang='lat' dir='ltr'><strong>puto</strong></span> 
     </span>
    </p>
   </div>
   <div class='ocr_carea' id='block_1_20' title="bbox 254 3548 952 3645">
    <p class='ocr_par' dir='ltr' id='par_1_20' title="bbox 254 3548 952 3645">
     <span class='ocr_line' id='line_1_21' title="bbox 254 3548 952 3645; baseline 0.001 -28"><span class='ocrx_word' id='word_1_161' title='bbox 254 3551 466 3645; x_wconf 87' lang='lat' dir='ltr'><strong>proverbium</strong></span> <span class='ocrx_word' id='word_1_162' title='bbox 485 3565 599 3618; x_wconf 90' lang='lat' dir='ltr'><strong>natum</strong></span> <span class='ocrx_word' id='word_1_163' title='bbox 620 3548 723 3637; x_wconf 87' lang='lat' dir='ltr'><strong>illud,</strong></span> <span class='ocrx_word' id='word_1_164' title='bbox 746 3567 782 3618; x_wconf 91' lang='lat' dir='ltr'><strong>ut</strong></span> <span class='ocrx_word' id='word_1_165' title='bbox 804 3550 952 3620; x_wconf 91' lang='lat' dir='ltr'><strong>dicatur:</strong></span> 
     </span>
    </p>
   </div>
   <div class='ocr_carea' id='block_1_21' title="bbox 367 3742 1162 3817">
    <p class='ocr_par' dir='ltr' id='par_1_21' title="bbox 367 3742 1162 3817">
     <span class='ocr_line' id='line_1_22' title="bbox 367 3742 1162 3817; baseline 0.005 -19"><span class='ocrx_word' id='word_1_166' title='bbox 367 3746 438 3812; x_wconf 84' lang='lat' dir='ltr'><strong>Quae</strong></span> <span class='ocrx_word' id='word_1_167' title='bbox 454 3742 548 3798; x_wconf 88' lang='lat' dir='ltr'><strong>tulerit</strong></span> <span class='ocrx_word' id='word_1_168' title='bbox 562 3742 693 3812; x_wconf 82' lang='lat' dir='ltr'><strong>vitulum,</strong></span> <span class='ocrx_word' id='word_1_169' title='bbox 708 3745 756 3799; x_wconf 89' lang='lat' dir='ltr'><strong>illa</strong></span> <span class='ocrx_word' id='word_1_170' title='bbox 770 3755 863 3817; x_wconf 88' lang='lat' dir='ltr'><strong>potest</strong></span> <span class='ocrx_word' id='word_1_171' title='bbox 880 3756 908 3798; x_wconf 91' lang='lat' dir='ltr'><strong>et</strong></span> <span class='ocrx_word' id='word_1_172' title='bbox 922 3747 1023 3800; x_wconf 85' lang='lat' dir='ltr'><strong>tollere</strong></span> <span class='ocrx_word' id='word_1_173' title='bbox 1043 3757 1162 3802; x_wconf 87' lang='lat' dir='ltr'><strong>taurum.</strong></span> 
     </span>
    </p>
   </div>
   <div class='ocr_carea' id='block_1_22' title="bbox 254 3898 1289 4009">
    <p class='ocr_par' dir='ltr' id='par_1_22' title="bbox 254 3898 1393 4009">
     <span class='ocr_line' id='line_1_23' title="bbox 254 3898 1289 4009; baseline 0.004 -31"><span class='ocrx_word' id='word_1_174' title='bbox 254 3951 297 3964; x_wconf 91' lang='lat'><strong>-·</strong></span> <span class='ocrx_word' id='word_1_175' title='bbox 308 3898 415 4002; x_wconf 82' lang='lat' dir='ltr'><strong>Igitur</strong></span> <span class='ocrx_word' id='word_1_176' title='bbox 432 3935 475 3977; x_wconf 90' lang='lat' dir='ltr'><strong>ne</strong></span> <span class='ocrx_word' id='word_1_177' title='bbox 491 3900 648 4002; x_wconf 86' lang='lat' dir='ltr'><strong>majorem</strong></span> <span class='ocrx_word' id='word_1_178' title='bbox 665 3911 821 4002; x_wconf 88' lang='lat' dir='ltr'><strong>injuriam</strong></span> <span class='ocrx_word' id='word_1_179' title='bbox 841 3913 876 3977; x_wconf 93' lang='lat' dir='ltr'><strong>in</strong></span> <span class='ocrx_word' id='word_1_180' title='bbox 895 3926 1019 3980; x_wconf 86' lang='lat' dir='ltr'><strong>secreto</strong></span> <span class='ocrx_word' id='word_1_181' title='bbox 1038 3912 1139 3982; x_wconf 85' lang='lat' dir='ltr'><strong>frater</strong></span> <span class='ocrx_word' id='word_1_182' title='bbox 1159 3918 1289 4009; x_wconf 84' lang='lat' dir='ltr'><strong>accipe·</strong></span> 
     </span>
    </p>
   </div>
   <div class='ocr_carea' id='block_1_23' title="bbox 254 4051 935 4145">
    <p class='ocr_par' dir='ltr' id='par_1_23' title="bbox 254 4051 935 4145">
     <span class='ocr_line' id='line_1_24' title="bbox 254 4051 935 4145; baseline -0.004 -24"><span class='ocrx_word' id='word_1_183' title='bbox 254 4070 322 4141; x_wconf 89' lang='lat' dir='ltr'><strong>ret,</strong></span> <span class='ocrx_word' id='word_1_184' title='bbox 342 4055 532 4121; x_wconf 82' lang='lat' dir='ltr'><strong>consurrexi</strong></span> <span class='ocrx_word' id='word_1_185' title='bbox 552 4052 594 4121; x_wconf 85' lang='lat' dir='ltr'><strong>ad</strong></span> <span class='ocrx_word' id='word_1_186' title='bbox 610 4053 758 4121; x_wconf 87' lang='lat' dir='ltr'><strong>officium</strong></span> <span class='ocrx_word' id='word_1_187' title='bbox 778 4051 935 4145; x_wconf 89' lang='lat' dir='ltr'><strong>nuptiale.</strong></span> 
     </span>
    </p>
   </div>
   <div class='ocr_carea' id='block_1_24' title="bbox 0 0 1414 4684">
    <p class='ocr_par' dir='ltr' id='par_1_24' title="bbox 0 0 1414 4684">
     <span class='ocr_line' id='line_1_25' title="bbox 0 0 1414 4684; baseline 0 0"><span class='ocrx_word' id='word_1_188' title='bbox 0 0 1414 4684; x_wconf 95' lang='lat' dir='ltr'><strong> </strong></span> 
     </span>
    </p>
   </div>
  </div>
 </body>
</html>
