2817 4684
251 418 287 480 74
525 411 558 464 T.
581 412 762 467 PETRONII
783 409 1012 468 sntttucort.

250 535 409 604 invidiam
423 534 582 604 felicibus.
597 539 667 606 Nec
683 536 793 606 adhuc
810 537 944 629 quidem
958 538 1072 605 omnia
1082 551 1179 604 erant
1192 536 1300 622 facta,
1396 520 1397 555 ³

251 703 356 771 quum
374 679 522 773 Ascyltos
548 681 663 748 furtim
678 707 712 749 se
732 681 859 750 foribus
884 682 1053 769 admovit,
1071 681 1301 774 discussisque

250 821 425 894 fortissime
451 825 617 913 claustris,
644 801 773 896 inuenit
794 854 847 895 me
872 852 948 895 cum
972 815 1074 896 fratre
1098 825 1298 896 ludentem:
1397 888 1398 891 ,

250 967 319 1036 risu
349 972 460 1063 itaque
483 971 668 1065 plausuque
693 970 844 1041 cellulam
867 971 1033 1065 implevit,
1062 985 1215 1066 opertum
1240 997 1300 1039 me

251 1112 393 1182 amiculo
411 1111 551 1202 evolvit,
569 1130 602 1184 et
613 1142 621 1184 τ
634 1156 678 1170 -
693 1114 786 1204 Quid
800 1117 936 1209 agebas,
951 1116 1077 1208 inquit,
1095 1115 1197 1184 frater
1217 1140 1299 1182 san-

251 1258 416 1326 ctissime?
433 1258 546 1347 Quid?
560 1261 902 1330 vesticontubemium
923 1259 1028 1330 facis?
1043 1261 1168 1328 -Nec
1188 1285 1223 1328 se
1242 1285 1298 1328 so-
1398 1324 1399 1345 ἦ

251 1401 319 1470 lum
341 1406 427 1472 intra
445 1405 547 1472 verba
570 1407 752 1493 continuit,
771 1405 827 1473 sed
845 1404 953 1474 lorum
972 1403 1013 1474 de
1026 1429 1106 1498 pera
1124 1403 1241 1492 solvit,
1262 1419 1299 1472 et

252 1571 304 1614 me
319 1549 418 1640 coepit
439 1573 507 1618 non
526 1548 750 1643 perfunctorie
763 1549 955 1637 verberare,
969 1548 1105 1642 adjectis
1124 1550 1222 1616 etiam
1236 1573 1296 1641 pe-
1399 1604 1400 1649 ,

253 1692 436 1762 tulantibus
456 1694 574 1762 dictis:
592 1737 634 1751 -
654 1698 709 1766 Sic
728 1694 876 1764 dividere
894 1719 969 1764 cum
990 1693 1092 1763 fratre
1109 1694 1225 1763 nolito.
1247 1735 1294 1748 —
1399 1774 1400 1777 Ἴ

253 1834 335 1932 [Res
350 1853 416 1906 tam
431 1840 602 1932 inopinata
615 1840 790 1932 injuriam,
803 1843 955 1932 ictusque
966 1837 1061 1908 silere
1074 1839 1294 1906 constrinxit:

252 2006 364 2050 casum
387 1985 490 2076 igitur
514 1984 653 2073 irrideo,
680 2000 714 2053 et
740 1983 947 2078 prudenter:
974 1984 1069 2052 aliter
1092 1986 1180 2052 enim
1205 2009 1295 2078 proe-
1400 2050 1402 2067 ,

252 2123 401 2193 liandum
425 2142 496 2195 erat
520 2153 596 2196 cum
623 2128 751 2196 aemulo.
779 2127 952 2198 Hilaritate
976 2131 1116 2197 mentita
1144 2130 1294 2196 animum
1400 2120 1401 2127 ἵ

254 2274 341 2344 illius
361 2276 481 2345 sedavi.
496 2279 638 2346 Subrisit
655 2281 755 2347 etiam
779 2278 939 2372 Ascyltos.
959 2284 1062 2348 —Et
1084 2291 1141 2366 ut,
1165 2281 1292 2372 inquit,

252 2430 416 2525 Encolpi,
448 2429 571 2500 deliciis
603 2432 775 2527 sepultus,
811 2458 880 2500 non
910 2434 1034 2525 cogitas
1063 2457 1123 2500 nos
1153 2434 1294 2526 pecunia
1401 2436 1402 2463 ¹

253 2577 408 2665 deficere,
429 2594 461 2648 et
478 2605 551 2672 quae
569 2595 747 2674 supersunt
760 2579 884 2649 nullius
901 2605 972 2648 esse
985 2580 1106 2673 pretii?
1122 2583 1162 2647 In
1174 2581 1294 2647 aestivis

207 2819 210 2826 Δ
254 2728 457 2819 temporibus
474 2728 552 2795 urbs
569 2727 687 2797 sterilis
703 2744 768 2816 est,
786 2754 843 2797 rus
860 2731 923 2797 erit
939 2728 1140 2796 fortunatius
1156 2753 1164 2794 :
1182 2753 1294 2795 eamus

254 2873 295 2942 ad
316 2876 448 2942 amicos.
465 2916 508 2930 -
530 2875 716 2944 Consilium
734 2876 876 2968 probare
895 2867 1004 2966 coegit
1022 2875 1212 2960 necessitas,
1237 2873 1294 2941 do·

253 3022 398 3115 lorisque
415 3048 547 3091 sensum
564 3024 728 3098 cohibere.
752 3028 885 3116 ltaque,
903 3037 1039 3091 onerato
1058 3024 1182 3093 Gitone
1198 3025 1296 3090 sarci-

182 3257 184 3266 .
253 3171 358 3259 nulis,
378 3172 459 3239 urbe
472 3172 670 3264 egredimur,
688 3187 721 3240 et
737 3170 971 3267 adjcastellum
988 3173 1151 3264 Lycurgi,
1174 3174 1294 3264 equitis

253 3323 401 3408 romani,
422 3323 598 3414 pergimus.
618 3323 732 3410 Quum
756 3320 835 3389 olim
862 3320 910 3389 illi
932 3321 1033 3389 frater
1053 3320 1167 3388 fuisset
1185 3320 1296 3413 Ascyl-

256 3487 325 3558 toS,
343 3471 480 3566 pulchre
499 3497 560 3540 nos
577 3473 722 3566 accepit3
751 3487 920 3565 coetusque
939 3471 985 3538 ibi
1014 3484 1233 3562 congregatus
1247 3470 1297 3561 ju·

255 3619 416 3688 cundiora
432 3620 541 3688 effecit
568 3582 817 3689 oblectamenta.
839 3621 1004 3714 Imprimis
1021 3634 1091 3687 erat
1101 3618 1295 3711 Tryphaena,
1340 3693 1343 3697 ⁴

256 3767 478 3864 pulcherrima
494 3769 623 3857 mulier,
642 3794 716 3860 quae
734 3784 870 3837 venerat
884 3793 960 3835 cum
978 3771 1083 3861 Lyca,
1103 3769 1227 3859 navigii
1245 3768 1297 3835 do

256 3921 364 4005 minc,
380 3933 413 3987 et
431 3917 612 3986 fundorum
627 3919 661 3984 in
677 3918 799 3984 vicinia
818 3919 918 3984 maris
935 3942 1132 4010 possessore.
1152 3919 1244 4006 Quas
1263 3920 1295 3984 in

255 4069 319 4136 hoc
336 4067 408 4136 loco
427 4069 613 4160 gratissimo
628 4065 813 4160 voluptates
828 4066 1014 4152 hausimus,
1028 4065 1118 4134 nulla
1133 4092 1197 4134 vox
1210 4092 1297 4134 com·
