2817 4684
261 377 316 435 ,ss
534 379 568 432 r.
587 377 773 456 rrrnomr
795 379 1020 436 surrmcou.

258 505 352 574 illum
366 506 479 598 posui,
498 529 541 572 ne
558 507 705 597 genesim
720 530 826 574 meam
846 530 1040 598 premerem.
1059 509 1100 574 In
1121 509 1236 575 Leone
1252 533 1311 574 ca-

259 649 410 743 taphagae
430 663 630 737 nascuntur,
651 664 684 717 et
701 650 881 743 imperiosi.
902 651 942 716 ln
962 651 1103 742 Virgine
1129 648 1311 736 mulieres,

256 810 291 864 et
305 795 455 888 fugitivi,
472 810 506 863 et
525 793 716 889 compediti.
738 798 778 862 In
798 795 902 862 Libra
917 793 1083 882 laniones,
1102 810 1135 864 et
1151 821 1310 889 unguen·

256 940 350 1026 tarii,
366 953 400 1007 et
416 940 609 1031 quicunque
624 936 752 1031 aliquid
767 936 972 1031 expendunt.
986 940 1233 1032 Iu'Scorpione
1247 965 1308 1008 ve·

240 1085 404 1170 ‚nenarii,
417 1098 450 1151 et
460 1105 678 1176 percussores.
690 1085 732 1149 ln
746 1082 925 1174 Sagittario
935 1082 1123 1169 strabones,
1139 1083 1198 1174 qui
1212 1081 1309 1150 olera

257 1244 426 1323 spectant,
441 1226 572 1296 lardum
586 1223 719 1293 tollunt.
733 1229 774 1294 In
787 1227 994 1319 Capricorno
1011 1228 1206 1316 aerumnosi,
1229 1229 1307 1320 qui-

255 1375 318 1442 bus
336 1399 404 1466 prae
423 1370 511 1440 mole
536 1396 597 1440 sua
613 1395 741 1439 cornua
761 1385 955 1460 nascuntur.
982 1373 1024 1438 In
1037 1451 1039 1458 Ι
1051 1372 1200 1464 Aquario
1225 1397 1306 1440 cau·

255 1543 378 1611 pones,
397 1531 431 1585 et
448 1516 639 1585 cucurbitae.
657 1517 699 1582 Iu
716 1515 866 1585 Piscibus
879 1515 1098 1583 obsonatores
1108 1559 1126 1602 ,·
1137 1529 1169 1583 et
1185 1516 1302 1584 rheto-

255 1687 318 1730 res.
340 1663 394 1731 Sic
407 1662 498 1731 orbis
508 1661 667 1748 vertitur,
686 1674 845 1752 tanquam
857 1657 961 1745 mola;
978 1675 1011 1728 et
1028 1684 1157 1753 semper
1172 1659 1301 1753 aliquid

254 1807 334 1876 mali
352 1808 447 1895 facit,
465 1823 502 1876 ut
513 1807 665 1874 homines
676 1820 735 1874 aut
749 1819 949 1893 nascantur,
969 1820 1027 1874 aut
1035 1820 1182 1898 pereant.
1196 1806 1301 1894 Quod

188 2007 191 2015 .
252 1968 363 2022 autem
381 1955 417 2020 in
437 1951 547 2020 medio
565 1952 722 2045 cespitcm
750 1948 889 2036 videtis,
909 1964 942 2018 et
959 1975 1058 2043 super
1075 1952 1233 2044 cespitem
1253 1951 1301 2018 fa-

253 2111 353 2165 vum:
373 2095 458 2164 nihil
474 2098 544 2164 sine
560 2097 690 2163 ratione
703 2094 801 2162 facto.
820 2098 924 2168 Terra
940 2110 1046 2164 mater
1056 2111 1105 2164 est
1121 2098 1157 2163 iu
1172 2097 1300 2183 medio,

251 2243 346 2336 quasi
365 2266 467 2309 ovum
489 2239 727 2308 corrotundata
747 2265 754 2307 :
779 2255 812 2308 et
828 2242 941 2308 omnia
961 2240 1050 2309 hona
1068 2243 1103 2308 in
1126 2241 1299 2330 sehabet,
1385 2303 1386 2318 ,

252 2404 412 2480 tanquam
431 2384 535 2454 savus.
