2817 4684
257 388 313 425 m
531 368 564 422 Τ.
584 368 763 423 PETRONII
784 368 1006 423 SATYRICON.

256 519 348 577 rnen3
368 493 448 586 quid
459 495 548 597 enirn
563 491 645 559 mihi
660 491 777 579 aufert,
792 495 849 586 qui
864 494 968 563 ridet?
980 496 1089 564 Satius
1103 510 1152 563 cst
1169 494 1292 577 rideri,

257 665 355 731 quam
374 638 523 706 derideri.

352 930 418 985 Hace
435 930 484 985 ubi
502 930 576 985 dicta
598 931 677 986 dedit
678 970 871 987 .........

255 1175 352 1244 talem
362 1175 507 1244 fabulam
519 1199 652 1244 exorsus
661 1189 720 1243 est.
734 1215 776 1229 -
791 1177 906 1263 Quum
920 1175 1028 1245 adhuc
1040 1177 1213 1261 servirem,
1232 1175 1292 1241 ha·

253 1320 441 1387 bimbamus
458 1320 493 1387 in
517 1320 591 1388 vico
614 1332 754 1409 angusto
777 1314 889 1409 (nunc
906 1315 1044 1386 Gavillae
1062 1318 1179 1386 domus
1196 1333 1245 1386 est
1256 1316 1289 1405 ):

255 1464 319 1549 ibi,
339 1462 506 1556 quomodo
532 1458 578 1530 dii
596 1460 730 1544 volunt,
749 1486 858 1530 amare
879 1462 963 1557 coepi
987 1486 1121 1530 uxorem
1140 1461 1290 1530 Terentii

255 1609 434 1701 cauponis:
456 1607 620 1676 noveratis
642 1604 809 1675 Melissam
833 1607 1085 1691 Terentianum,
1106 1588 1292 1699 pulcherri-

254 1776 347 1817 mum
363 1749 592 1833 basioballum.
609 1750 674 1818 Sed
688 1774 750 1841 ego
764 1774 855 1834 non,
872 1775 924 1817 me
940 1746 1114 1819 Hercules!
1135 1773 1292 1842 corpora-

217 1948 220 1951 .
255 1893 347 1977 liter,
361 1908 418 1961 aut
432 1908 568 1987 propter
581 1918 632 1960 res
646 1895 830 1960 venerarias
845 1894 974 1977 curavi3
996 1892 1052 1961 sed
1061 1892 1182 1986 magis,
1197 1890 1291 1985 quod

254 2038 337 2103 bene
354 2050 480 2103 morata
497 2036 569 2103 fuit.
589 2037 623 2103 Si
643 2034 724 2127 quid
745 2036 785 2102 ah
802 2034 858 2102 illa
882 2037 979 2129 petii,
1006 2059 1178 2128 nunquam
1205 2034 1290 2101 mihi
1390 2044 1391 2051 ’

254 2194 408 2271 negatum
426 2180 504 2265 fuit3
528 2182 556 2248 si
571 2179 694 2265 assem,
715 2182 742 2247 si
761 2182 923 2249 semissem
943 2181 1063 2267 habui,
1078 2182 1113 2248 in
1132 2179 1219 2249 iilius
1245 2182 1291 2246 si·
1390 2166 1391 2189 ¹

255 2348 334 2389 num
355 2321 571 2406 demandavi;
593 2346 653 2389 nec
669 2347 815 2414 unquam
830 2321 944 2390 fefellit
961 2348 1066 2391 usum.
1084 2323 1191 2414 Hujus
1206 2347 1289 2389 con·

188 2536 191 2541 ,
256 2464 435 2534 tubernalis
457 2464 499 2533 ad
519 2464 630 2532 villam
653 2490 841 2558 supremum
862 2465 949 2533 diem
972 2466 1065 2534 obiit.
1089 2468 1207 2558 Itaque
1227 2491 1288 2558 per

253 2625 394 2696 scutum,
405 2635 464 2704 per
481 2635 611 2678 ocream
625 2612 824 2701 excogitavi,
842 2611 1120 2703 quemadmodum
1137 2611 1179 2679 ad
1196 2610 1286 2679 illam

255 2757 479 2850 pervenirem:
497 2769 641 2822 attamen
656 2756 690 2821 in
708 2756 868 2847 angustiis
884 2757 980 2824 amici
994 2769 1164 2849 apparent.

608 3056 780 3123 CAPUT
811 3054 929 3120 LXII.

300 3279 397 3343 Forte
415 3275 569 3340 dominus
590 3276 711 3364 Capuae
734 3272 855 3339 exierat
879 3271 921 3338 ad
946 3286 1055 3339 scruta
1081 3270 1162 3340 scita
1188 3299 1286 3368 expe-

252 3420 382 3487 dienda.
396 3419 521 3488 Nactus
533 3439 594 3506 ego
609 3415 832 3499 occasionem,
847 3413 1028 3506 persuadeo
1044 3400 1207 3509 hospitoni
1224 3442 1286 3485 no·

256 3577 380 3646 strum,
404 3575 442 3627 ut
459 3582 589 3626 mecum
611 3553 654 3623 ad
672 3558 827 3647 quintum
855 3554 1044 3623 milliarium
1063 3560 1195 3624 veniat:
1217 3574 1288 3625 erat

253 3719 362 3774 autem
371 3701 750 3792 milesfortis,tanquam
762 3703 880 3767 Orcus.
894 3698 1117 3792 Apoculamus
1129 3724 1191 3768 nos
1201 3702 1288 3768 'circa
1388 3764 1389 3771 ,

255 3848 421 3942 gallicinia
434 3846 538 3943 (luna
547 3845 694 3927 lucebat,
710 3860 865 3935 tanquam
879 3842 1056 3936 meridie),
1070 3846 1222 3912 venimus
1237 3846 1288 3911 in-

253 4010 302 4062 ter
315 4008 539 4061 monumenta.
557 3995 664 4057 Homo
684 4014 775 4059 meus
793 3990 892 4082 coepit
910 3987 952 4055 ad
972 3986 1079 4055 stellas
1097 3987 1219 4055 facere:
1241 4014 1289 4055 se-
