2817 4684
237 363 293 423 ²4⁰
511 355 543 409 Τ.
565 356 744 414 PETRONII
766 352 987 411 SATYRIOON.

235 486 333 578 jussit
348 482 476 568 afferri,
495 497 528 550 et
544 482 734 552 circulatim
752 481 932 576 approbari
956 480 1098 576 pondus.
1119 484 1190 551 Nee
1213 506 1288 548 me·
1387 499 1388 577 t

237 624 478 712 liorScintilla3
497 652 571 720 quae
587 627 629 694 de
646 629 774 695 cervice
794 651 853 721 sua
870 622 1045 719 capsellam
1059 624 1203 695 detraxit
1219 651 1289 693 au-

239 771 381 859 reolam,
397 797 497 865 quam
515 769 715 841 Felicionem
732 769 942 866 appellabat:
965 770 1042 839 inde
1057 771 1124 839 duo
1142 771 1289 840 crotalia

241 914 395 1011 protulit,
416 930 449 984 et
464 919 655 983 Fortunata
668 917 703 982 in
721 916 827 983 vicem
845 913 1085 983 consideranda
1103 914 1210 1003 dedit,
1228 929 1286 983 et:
1388 958 1389 1015 ,

241 1101 280 1115 -
302 1060 462 1146 Domini,
483 1058 616 1150 inquit,
634 1058 699 1125 mei
718 1055 878 1127 beneficio
895 1081 992 1124 nemo
1010 1057 1112 1125 habet
1130 1055 1287 1126 meliora.
1388 1042 1389 1045 Ἴ

153 1299 156 1311 Ι
241 1245 289 1256 -
304 1202 421 1294 Quid?
451 1204 561 1295 inquit
586 1202 776 1288 Habinnas,
804 1203 1029 1269 excatarizasti
1054 1227 1125 1288 me,
1155 1217 1193 1270 ut
1218 1203 1287 1270 tibi

240 1371 381 1417 emerem
399 1342 510 1413 sabam
522 1346 671 1413 vitream.
690 1341 812 1431 Plane,
832 1346 860 1413 si
878 1343 980 1413 filiam
999 1345 1176 1433 haberem,
1197 1348 1288 1415 auri·

240 1489 331 1560 culas
348 1488 396 1557 illi
412 1486 634 1583 praeciderem.
649 1485 807 1556 Mulieres
820 1488 848 1555 si
861 1512 929 1556 non
945 1502 1065 1576 essent,
1083 1490 1196 1558 omnia
1210 1488 1287 1557 haec
1389 1480 1390 1485 ἵ

242 1660 303 1730 pro
328 1633 399 1703 luto
417 1632 635 1719 haberemus3
661 1654 751 1701 nunc
773 1631 837 1701 hoc
863 1646 912 1701 est
936 1630 1067 1700 caldum
1090 1635 1227 1721 meiere,
1252 1650 1288 1703 et

243 1779 401 1872 frigidum
417 1793 590 1874 potare-
600 1778 737 1846 Interim
749 1775 902 1845 mulieres
919 1778 1036 1846 sauciae
1049 1778 1137 1845 inter
1151 1804 1185 1845 se
1200 1781 1286 1847 rise-

244 1940 334 2014 runt,
347 1920 511 2021 ebriaeque
522 1924 707 2016 junxerunt
719 1894 851 1991 oscula:
867 1922 947 1991 dum
961 1920 1064 1991 altera
1077 1921 1286 2015 diligentiam
1388 1912 1391 1939 l

244 2068 490 2139 matrisfamiliae
516 2070 642 2160 jactat,
676 2065 780 2136 altera
813 2065 945 2135 delicias
975 2082 1008 2134 et
1041 2064 1286 2159 indulgentiam

245 2217 320 2284 viri.
349 2218 505 2305 Dumque
524 2213 571 2279 sic
589 2208 776 2298 cohaerent,
807 2210 978 2277 Habinnas
1004 2209 1119 2277 furtim
1145 2236 1286 2279 consur-

246 2360 350 2446 rexit,
373 2319 537 2452 pedesque
556 2358 746 2423 Fortunatae
771 2367 937 2421 correctos
966 2350 1205 2447 superlectum
1225 2356 1287 2421 im·

246 2506 345 2573 misit
364 2498 434 2573 Ab!
454 2497 517 2570 ahl
537 2498 594 2569 illa
607 2496 842 2594 proclamavit,
862 2497 1036 2565 aberrante
1052 2498 1166 2567 tunica
1186 2524 1286 2592 super

247 2672 365 2744 genua.
389 2647 581 2741 Composita
597 2667 698 2737 ergo,
722 2646 758 2711 in
783 2643 909 2735 gremio
929 2640 1105 2728 Scintillae,
1126 2644 1283 2713 indecen-

250 2795 408 2877 tissimam
425 2790 547 2858 rubore
562 2788 679 2857 faciem
697 2785 831 2856 sudario
848 2785 1032 2855 abscondit.

584 3793 750 3869 CAPUT
776 3796 953 3865 LXVIII.

306 4035 505 4125 Interposito
515 4031 634 4097 deiude
645 4031 771 4122 spatio,
789 4050 893 4119 quum
907 4022 1065 4093 secundas
1080 4040 1208 4088 mensas
1217 4015 1290 4083 Tri·
