2817 4684
251 418 305 472 108
524 419 557 472 Τ.
578 417 762 474 Puruouu
783 417 1006 473 SATYRICON.

248 571 302 613 me
319 569 429 636 usque.
439 542 481 611 ad
498 546 725 613 necessitatem
738 547 856 612 mortis
869 543 1020 613 deducit:
1039 567 1084 610 ne
1100 540 1227 610 scilicet
1240 541 1298 633 ju·
1385 553 1386 570 ³

248 685 349 755 venili
368 685 502 779 impulsi
519 685 668 773 licentia,
694 687 785 780 quod
805 689 840 755 in
860 685 980 756 sacello
1002 687 1114 781 Priapi
1137 684 1294 769 vidistis,

248 830 410 922 vulgetis,
444 829 650 924 deorumque
680 830 817 900 consilia
846 829 1022 926 proferatis
1047 833 1082 899 in
1114 829 1293 924 populum.

249 973 417 1044 Protendo
432 975 534 1066 igitur
544 974 588 1042 ad
604 1000 713 1068 genua
723 990 831 1044 vestra
840 977 976 1070 supinas
985 1001 1125 1062 manus,
1146 989 1295 1068 petoque

249 1132 281 1186 et
298 1143 376 1204 oro,
394 1143 437 1186 ne
450 1133 632 1188 nocturnas
647 1118 824 1212 religiones
838 1121 951 1214 jocum
969 1121 1139 1212 risumque
1150 1118 1292 1204 faciatis,

249 1286 331 1330 neve
348 1262 520 1331 traducere
536 1262 644 1332 velitis
665 1278 715 1331 tot
729 1289 896 1333 annorum
920 1278 1059 1350 secreta,
1081 1288 1155 1356 quae
1173 1265 1294 1356 Mystae

250 1407 304 1473 vix
323 1431 438 1475 ornnes
455 1424 631 1477 noverunt.

595 1653 761 1722 CAPUT
794 1643 937 1722 XVIII.

297 1862 489 1930 Secundum
513 1862 601 1930 hanc
634 1863 901 1956 deprecationem
926 1863 1087 1956 lacrymas
1110 1886 1226 1929 rursus
1248 1860 1296 1928 ef-

250 2006 353 2092 fudit,
367 2007 610 2100 gemitibusque
622 2007 723 2101 lorgis
734 2033 911 2095 concussa,
930 2023 997 2076 tota
1011 2007 1096 2075 faeie
1106 2031 1144 2075 ac
1156 2020 1295 2099 pectore

249 2165 360 2218 torum
378 2175 490 2219 meum
508 2154 637 2245 pressit.
659 2157 731 2245 Ego
749 2151 865 2223 eodem
884 2167 1031 2245 tempore
1047 2166 1081 2219 et
1102 2152 1294 2218 misericor-

250 2288 304 2356 dia
317 2289 487 2376 turhatus,
503 2304 535 2358 et
546 2305 656 2378 metu,
674 2291 800 2360 bonum
810 2290 959 2359 animum
974 2291 1096 2358 h'abere
1106 2315 1177 2358 eam
1189 2289 1295 2381 jussi,
1390 2341 1391 2348 κ

249 2440 282 2493 et
300 2425 341 2494 de
354 2440 496 2520 utroque
508 2450 747 2497 essesecuram.
766 2430 854 2498 Nam
868 2453 975 2522 neque
985 2452 1078 2497 sacra
1087 2453 1295 2521 quemquam
1390 2495 1391 2498 ,

249 2562 483 2656 vulgaturum,
503 2580 556 2651 et,
576 2566 713 2661 siquod
740 2581 897 2659 praeterea
920 2565 1011 2636 aliud
1041 2565 1223 2634 remedium
1249 2566 1297 2633 ad

250 2705 424 2772 tertianam
449 2709 539 2774 Deus
561 2704 610 2773 illi
632 2721 865 2793 monstrasset,
885 2705 1102 2798 adjuvaturos
1124 2729 1186 2773 nos
1208 2703 1298 2773 divi-

250 2867 327 2910 nam
337 2843 596 2935 providentiam,
606 2842 657 2911 vel
669 2842 817 2937 periculo
827 2857 952 2910 nostro.
961 2841 1108 2910 Hilarior
1120 2841 1297 2935 posthanc

249 2979 521 3075 pollicitationem
541 2979 628 3049 facta
643 2981 781 3067 mulier,
802 2981 942 3048 basiavit
961 3005 1014 3048 me
1031 2981 1186 3073 spissius,
1205 2995 1296 3049 etex

250 3116 401 3211 lacrymis
421 3120 455 3186 in
479 3121 583 3185 risum
609 3133 719 3206 mota,
737 3117 971 3186 descendentes
990 3119 1033 3185 ab
1052 3142 1133 3186 aure
1154 3117 1297 3211 capillos

250 3281 339 3324 meos
352 3255 487 3324 dentata
500 3281 602 3324 manu
613 3256 728 3342 duxit;
747 3270 799 3324 et:
810 3257 983 3341 -Facio,
997 3255 1125 3348 inquit,
1140 3255 1297 3324 inducias

250 3392 438 3479 vobiscum,
455 3407 489 3462 et
506 3418 527 3460 a
545 3393 728 3460 constituta
741 3390 798 3461 lite
818 3391 960 3460 dimitto.
979 3390 1081 3482 Quod
1101 3393 1129 3460 si
1148 3417 1217 3460 non
1236 3418 1298 3460 an-

252 3529 421 3616 nuissetis,
439 3528 480 3597 de
497 3529 560 3596 hac
577 3528 757 3616 medicina,
775 3554 876 3622 quam
894 3543 987 3624 peto,
1005 3529 1075 3622 jam
1093 3543 1210 3624 parata
1224 3545 1296 3598 erat

252 3666 287 3733 in
310 3668 491 3735 crastinum
508 3668 625 3753 turha,
644 3691 719 3759 quae
735 3682 769 3735 et
786 3667 942 3761 injuriam
961 3691 1069 3734 meam
1090 3665 1294 3752 vindicaret,

252 3817 285 3870 et
305 3802 509 3896 dignitatem.

350 3997 503 4054 Contemni
516 4007 598 4070 turpe
614 4007 672 4065 est;
688 3997 779 4070 legem
794 3997 920 4065 donare,
935 3998 1106 4071 superbum

394 4099 457 4155 Hoc
471 4119 547 4169 arno,
564 4100 644 4173 quod
658 4119 774 4172 possum
790 4118 844 4173 qua
860 4099 928 4155 libet
946 4100 987 4156 ire
1002 4099 1057 4154 via.
