2817 4684
542 363 574 415 T.
594 365 775 420 PETRONII
796 367 1014 425 SATYRIOON.

613 1497 778 1566 CAPUT
812 1498 927 1566 XLV.

301 1728 372 1794 Oro
393 1739 441 1813 te,
467 1726 578 1816 inquit
596 1725 727 1794 Echion
753 1728 984 1814 centonarius,
1006 1724 1123 1795 melius
1145 1724 1288 1820 loquere.

251 1867 356 1937 Modo
377 1870 444 1958 sic,
464 1871 565 1938 modo
588 1871 658 1956 sic,
685 1873 796 1964 inquit
819 1873 961 1940 rusticus
980 1863 1122 1964 (varium
1149 1897 1288 1966 porcum

255 2013 471 2109 perdiderat).
492 2012 595 2102 Quod
626 2013 726 2083 hodie
757 2039 825 2081 non
850 2031 922 2103 est,
939 2020 1016 2110 joras
1038 2017 1125 2084 erit:
1152 2018 1199 2084 sie
1223 2019 1289 2085 vita
1378 2035 1379 2076 t

255 2159 412 2226 truditur.
436 2131 535 2246 Non,
564 2185 617 2227 me
641 2155 818 2227 Hercules!
845 2162 953 2255 patria
980 2160 1096 2230 melior
1120 2160 1187 2229 dici
1210 2187 1287 2258 pos-

253 2317 319 2387 set,
335 2304 363 2370 si
382 2302 531 2370 homines
548 2301 700 2388 haberet;
719 2301 775 2370 sed
801 2299 930 2372 laborat
949 2302 1013 2372 hoc
1041 2319 1212 2398 tempore3
1232 2331 1290 2374 nec

255 2446 325 2513 haec
347 2409 448 2514 sola:
475 2471 544 2514 non
567 2445 723 2515 debemus
746 2446 876 2516 delicati
894 2472 972 2535 ‚esse
993 2473 1000 2514 :
1020 2447 1143 2539 ubique
1163 2448 1289 2544 medius

253 2589 354 2660 coelus
371 2607 429 2660 est.
450 2594 517 2680 Tu,
538 2593 565 2659 si
579 2591 683 2659 aliubi
694 2591 821 2678 fueris,
842 2591 948 2692 dices,
969 2590 1023 2660 hic
1040 2616 1160 2687 porcos
1178 2607 1289 2660 coctos

253 2735 432 2805 ambulare.
461 2705 504 2804 Et
529 2761 605 2805 erce
627 2735 774 2805 habituri
793 2761 907 2804 sumus
926 2747 1048 2804 miurus
1070 2735 1232 2805 excellens
1256 2738 1289 2804 in

253 2881 385 2971 triduo,
405 2881 459 2949 die
475 2880 574 2967 festa,
591 2879 715 2948 familia
732 2904 801 2946 non
820 2878 997 2965 lanistitia,
1016 2879 1072 2948 sed
1092 2879 1228 2973 plurimi
1252 2879 1289 2947 li-

254 3025 350 3093 berti.
364 3027 407 3092 Et
419 3025 514 3092 Titus
532 3037 644 3091 noster
657 3047 816 3116 magnum
828 3022 976 3090 animum
993 3019 1108 3111 habet,
1128 3037 1162 3090 et
1178 3039 1228 3091 est
1242 3049 1290 3092 ea·

253 3165 311 3235 lidi
332 3167 472 3254 cerebri,
487 3182 545 3234 aut
561 3138 647 3253 boc,
665 3180 723 3234 aut
741 3164 822 3233 illud
840 3166 923 3233 erit:
942 3179 1041 3232 notus
1060 3166 1194 3259 utiquc:
1214 3193 1287 3235 nam

253 3312 300 3382 illi
319 3313 518 3382 domesticus
537 3338 620 3382 sum.
647 3313 726 3381 Non
750 3327 799 3380 est
824 3313 962 3380 mixcix:
983 3311 1107 3380 serrum
1127 3313 1287 3407 optimum

254 3456 392 3524 daturus
406 3471 470 3543 est,
491 3457 561 3524 sine
580 3454 678 3547 fuga3
695 3455 884 3522 carnarium
904 3455 939 3520 in
960 3453 1084 3542 medio,
1103 3443 1141 3522 ut
1161 3456 1287 3549 amphi-

254 3601 419 3670 theatrum
438 3591 569 3668 videat:
589 3613 622 3666 et
639 3597 759 3684 habet,
780 3596 879 3665 unde.
906 3595 1071 3666 Relictum
1097 3612 1146 3666 est
1170 3596 1218 3667 illi
1240 3625 1286 3667 se·

253 3744 403 3812 stertium
422 3741 587 3810 tricenties
610 3739 771 3834 (decessit
788 3737 876 3806 illius
896 3753 989 3832 pater
1000 3739 1024 3833 ).
1047 3738 1136 3807 Male
1153 3755 1192 3808 ut
1208 3766 1285 3833 qua·

255 3887 431 3980 dringenta
448 3885 638 3980 impendat:
656 3909 725 3951 non
747 3884 865 3952 sentiet
882 3884 1120 3976 patrimonium
1138 3882 1241 3972 illius,
1256 3900 1285 3952 et
1376 3889 1377 3956 l

255 4035 455 4126 sempiterno
472 4031 709 4099 nominabitur.
727 4033 799 4098 lam
816 4053 955 4098 mannos
973 4027 1100 4121 aliquot
1119 4030 1237 4117 habet,
1256 4045 1285 4097 et
1376 4061 1377 4116 ᾗ
