2817 4684
251 406 289 460 60
531 410 566 463 T.
588 407 772 463 PETRONH
791 406 1015 463 sammon.

248 535 335 603 bunt
361 533 452 628 quod
474 549 614 630 petunt,
635 533 699 603 nisi
718 534 878 628 quasdam
897 531 1033 604 insidias
1052 533 1191 604 auribus
1205 533 1294 603 fece-
1396 544 1397 601 1

250 678 356 772 rint):
377 682 424 748 sic
444 677 641 774 eloquentia
662 681 932 774 magister,·nisi,
956 695 1115 773 tanquam
1134 678 1293 773 piscator,
1396 716 1397 789 p

248 848 320 894 eam
340 825 534 920 imposuerit
556 823 663 893 hamis
680 849 808 913 escam,
832 849 934 918 quam
954 825 1066 894 scierit
1084 824 1293 918 appetituros

248 989 317 1036 esse
335 963 528 1062 pisciculos,
545 969 618 1036 sinc
628 991 687 1062 spe
701 969 820 1063 praedae
836 983 986 1036 moratur
1004 969 1038 1035 in
1060 967 1208 1062 scopulo.
1285 1041 1290 1055 ‚

631 1231 804 1322 carun
833 1234 898 1300 iv.

292 1421 384 1512 Quid
417 1445 497 1518 ergo
533 1423 605 1494 est?
623 1427 780 1496 Parentes
808 1426 1039 1520 objurgatione
1062 1426 1156 1519 digni
1183 1442 1290 1517 sunt,
1396 1392 1397 1411 ³

243 1569 303 1662 qui
322 1565 443 1638 nolunt
462 1569 582 1638 liberos
609 1591 686 1638 suos
711 1592 823 1638 severa
840 1568 912 1662 iege
937 1569 1106 1664 proficere.
1135 1571 1286 1638 Primum

244 1715 349 1800 enim,
368 1715 453 1784 sicut
467 1715 598 1802 omnia,
619 1739 691 1808 spes
708 1736 842 1807 quoque
860 1738 935 1781 suas
948 1713 1122 1781 ambitioni
1139 1704 1284 1782 donant:
1395 1780 1398 1791 ,

243 1858 381 1946 deinde,
399 1857 556 1952 quumad
571 1873 648 1928 vota
662 1873 863 1955 properant,
881 1854 984 1926 cruda
999 1857 1109 1927 adhuc
1121 1859 1231 1928 studia
1249 1856 1283 1926 in‘

243 2003 353 2074 forum
372 2001 566 2097 impellunt,
585 2017 618 2072 et
637 2002 880 2096 eloquentiam,
900 2027 967 2095 qua
986 2002 1072 2071 nihil
1088 2025 1159 2072 esse
1174 2003 1284 2096 majus
1394 2036 1398 2077 2

243 2145 460 2232 confitentur,
478 2145 590 2238 pueris
609 2144 756 2212 induunt
771 2144 881 2212 adhuc
898 2145 1120 2213 nascentibus.
1133 2143 1235 2232 Quod
1253 2145 1281 2212 si

239 2304 431 2384 paterentur
439 2267 595 2356 taborum
611 2287 734 2380 gradus
751 2288 837 2375 fieri,
854 2303 892 2357 ut
908 2289 1047 2357 studiosi
1058 2291 1197 2382 juvenes
1214 2289 1279 2359 lec·
1396 2306 1398 2349 i

238 2435 328 2502 tione
339 2458 451 2502 severa
466 2433 710 2525 mitigarentur,
725 2447 761 2500 ut
776 2435 945 2527 sapientia
961 2436 1133 2529 praeceptis
1149 2437 1278 2505 animos

236 2593 488 2673 componerent,
507 2592 545 2646 ut
558 2577 659 2646 verba
677 2578 783 2645 atroci
800 2575 876 2646 stilo
889 2577 1090 2665 effoderent,
1109 2595 1167 2666 ut,
1185 2583 1277 2674 quod

235 2720 355 2791 vellent
370 2722 508 2811 imitari,
520 2719 578 2790 diu
590 2720 764 2791 audirent:
778 2722 842 2790 sihi
852 2720 936 2800 nihil
951 2738 1035 2792 esset
1045 2725 1276 2817 magnificum,

1396 2374 1397 2385 i

1396 2388 1397 2399 i

1395 2618 1398 2631 Ι

1396 2906 1397 2915 r

1396 2918 1397 2935 i

1396 2942 1397 2953 i

240 2866 330 2959 quod
344 2868 454 2960 pueris
466 2863 625 2962 placeret3
641 2867 711 2957 jam
724 2865 780 2935 illa
792 2866 927 2960 grandis
940 2869 1046 2936 oratio
1063 2867 1198 2938 baberet
1213 2896 1277 2938 ma·

230 3011 357 3102 jestatis
375 3035 442 3079 suae
459 3010 602 3104 pondus
627 3013 728 3080 Nunc
745 3013 839 3105 pueri
864 3013 898 3079 in
919 3012 1040 3081 scholis
1062 3013 1199 3100 ludunt,
1224 3017 1276 3108 ju·
1396 3040 1397 3043 ’

232 3179 330 3222 venes
350 3154 502 3222 ridentur
521 3155 555 3222 in
576 3154 669 3238 for03
691 3168 743 3239 et,
764 3153 856 3247 quod
881 3170 1025 3250 utroque
1054 3161 1186 3254 turpius
1203 3175 1274 3247 est,
1388 3177 1398 3197 ²

232 3297 322 3390 quod
345 3299 486 3390 quisque
505 3321 677 3392 perperam
708 3299 844 3387 didicit,
867 3302 902 3368 in
930 3315 1097 3371 senectute
1121 3305 1273 3374 confiteri

231 3467 298 3508 non
316 3439 397 3509 vult.
416 3439 482 3509 Sed
502 3467 544 3508 nc
563 3466 615 3510 me
638 3455 733 3536 putes
758 3444 962 3538 improbasse
983 3443 1153 3516 schedium
1176 3451 1273 3518 Ituci·

231 3583 326 3654 iianae
348 3586 590 3679 improbitatis,
609 3586 699 3676 quod
718 3589 843 3672 sentio,
861 3605 894 3656 et
918 3591 988 3682 ipse
1013 3594 1160 3660 camnine
1182 3593 1274 3662 effin-

228 3751 304 3827 g‘dffl
314 3753 321 3794 2

1396 3676 1397 3737 i

1395 3780 1398 3883 i

1290 4049 1294 4054 ⁴
1387 4034 1398 4153 i
