2817 4684
248 459 284 510 7²
522 447 553 502 T.
576 440 753 503 PETRONII
772 442 993 500 summu.

246 568 360 635 venire
377 590 446 636 non
463 593 575 664 posse3
605 571 719 664 itaque
741 592 935 638 communes
962 565 1145 636 sarcinulas
1166 566 1298 660 partia-

244 732 331 795 mur,
350 733 388 776 ac
405 725 634 804 paupertatem
651 725 801 780 nostram
825 711 963 806 privatis
984 707 1165 801 questibus
1182 721 1295 774 tente-

245 874 318 922 mus
332 850 501 947 expellere.
524 856 566 923 Et
587 869 624 924 tu
640 851 766 924 litteras
783 855 864 940 scis,
885 868 917 923 et
939 877 1021 946 eg03
1044 877 1086 921 ne
1109 850 1295 945 questibus

248 997 314 1066 tuis
340 997 485 1086 obstem,
514 998 642 1093 aliquid
669 998 762 1072 aliud
787 1001 980 1096 promittam
1009 1025 1017 1066 :
1046 997 1172 1091 alioqui
1199 995 1294 1065 mille

232 1163 352 1232 'causae
371 1165 432 1210 nos
461 1143 611 1235 quotidie
638 1142 813 1231 collident,
835 1158 868 1212 ct
887 1167 948 1236 per
968 1157 1073 1211 totam
1096 1141 1214 1210 urbem
1234 1164 1294 1208 ru·

245 1285 394 1354 moribus
405 1283 697 1362 different-Non
709 1289 875 1360 recusavit
888 1285 1048 1381 Ascyltos,
1061 1301 1109 1354 et:
1118 1283 1291 1370 -Hodic,

246 1432 372 1524 inquit,
385 1434 463 1525 quia
476 1447 637 1527 tanquam
654 1432 842 1504 scholastici
858 1431 902 1502 ad
914 1454 1043 1501 coenam
1059 1431 1292 1526 promisimus,

246 1598 314 1643 non
329 1576 506 1670 perdamus
523 1593 678 1648 noctem:
702 1603 776 1648 cras
792 1593 923 1664 autem,
945 1577 1025 1669 quia
1047 1576 1112 1645 hoc
1135 1572 1232 1660 libet,
1258 1587 1294 1641 et

244 1721 482 1792 habitationem
502 1705 584 1793 mihi
611 1726 829 1820 prospiciam,
854 1738 887 1792 et
908 1722 1054 1816 aliquem
1077 1721 1223 1789 fratrem.
1244 1759 1291 1775 -

245 1865 392 1935 Tardum
409 1884 473 1956 est,
489 1871 644 1962 inquam,
662 1868 799 1938 differre
815 1868 907 1966 quod
920 1868 1039 1964 placet.
1051 1871 1204 1934 —ilanc
1221 1879 1292 1932 tam

245 2012 447 2104 praecipitem
464 2011 663 2082 divisionem
682 2012 790 2082 libido
805 2012 947 2082 faciebat
965 2009 1185 2106 :jamdudum
1199 2010 1292 2078 enim

245 2155 419 2248 cupiebam
444 2155 574 2224 amoliri
593 2158 765 2228 custodem
781 2157 974 2244 molestum,
995 2171 1034 2225 ut
1050 2169 1193 2225 veterem
1212 2178 1290 2222 cum

245 2297 370 2365 Gitone
389 2323 462 2367 meo
482 2301 645 2370 rationem
672 2299 878 2372 deducerem.
904 2297 1179 2397 [Contumeliam
1202 2323 1290 2392 aegre

246 2434 352 2505 ferens
379 2439 546 2534 Ascyltos,
573 2458 606 2513 et
631 2442 749 2532 silens,
768 2469 844 2513 cum
861 2446 986 2538 impetu
1008 2441 1187 2536 egreditur.
1205 2443 1288 2508 Tam

246 2606 392 2678 praeceps
402 2587 534 2678 eruptio
550 2587 668 2658 laevum
677 2588 880 2681 augurabat:
893 2589 1016 2657 etenim
1028 2575 1108 2656 nota
1120 2601 1193 2655 erat
1206 2585 1287 2654 mibi

244 2727 314 2819 ejus
330 2730 433 2798 animi
459 2733 671 2826 impotentia,
690 2747 790 2801 notus
807 2747 841 2801 et
859 2755 954 2800 amor
970 2733 1145 2824 impotens.
1168 2729 1287 2799 Subse-

245 2897 331 2964 quor
349 2898 428 2967 ergo
442 2876 634 2963 abeuntem,
653 2877 885 2972 exploraturus
900 2873 1056 2963 consilia,
1075 2873 1206 2966 illisque
1227 2873 1286 2942 ob-

246 3019 405 3114 stiturus3
430 3019 487 3088 sed
510 3019 614 3091 oculis
641 3047 676 3090 se
694 3021 861 3115 subripuit
876 3023 977 3106 meis,
993 3015 1029 3088 et
1043 3017 1166 3087 frustra
1193 3016 1285 3086 illum

247 3163 304 3232 diu
323 3162 485 3260 quaesivi]

632 3575 801 3644 CAPUT
832 3575 897 3641 XI.

308 3806 487 3898 Postquam
512 3802 649 3876 lustravi
677 3808 782 3876 oculis
807 3823 911 3878 totam
945 3810 1091 3897 urbem,
1124 3813 1157 3878 in
1186 3811 1284 3882 cellu-

246 3945 312 4016 lam
339 3948 441 4037 redii3
469 3949 655 4044 osculisque
672 3951 807 4020 tandem
833 3951 922 4020 bona
941 3950 1007 4022 fide
1023 3955 1166 4042 exactis,
1184 3954 1281 4050 alligo
1395 3926 1396 3933 i

247 4093 437 4162 arctissimis
448 4091 672 4190 complexibus
689 4093 1015 4190 puerum,lruorque
1030 4099 1114 4166 votis
1125 4101 1281 4191 usquead
1395 4094 1396 4149 l
