2817 4684
256 432 292 501 76
530 435 563 488 Τ.
584 434 763 489 ΡΕἹῊΟΝῙΙ
784 435 1009 490 smalcott.

252 557 455 650 prehendere
469 573 576 652 potest
586 611 595 646 ,
607 561 759 654 quamvis
769 563 915 654 Lycurgi
931 585 1045 630 mensa
1053 560 1190 653 frugalis
1199 575 1308 629 essct.
1400 536 1401 541 ἵ

252 703 343 772 Scias
360 719 509 798 oportet,
529 707 692 774 Venerem
721 731 782 774 nos
802 731 917 774 omnes
940 708 1186 800 quamprimum
1216 731 1308 774 con·
1400 714 1401 799 ζ

248 848 407 938 junxisse.
428 853 584 916 Formosa
601 848 787 943 Tryphaena
815 849 940 944 placuit
956 849 1054 938 mihi3
1072 865 1105 918 et
1125 865 1204 918 vota
1221 875 1304 917 mea
1398 896 1402 911 ·

250 989 355 1058 libens
372 991 509 1059 audivit.
538 991 603 1060 Sed
619 995 675 1062 vix
701 1018 774 1063 eam
792 992 958 1088 amplexui
970 994 1173 1086 jungebam,
1187 1019 1302 1086 quum

250 1139 355 1230 Lycas
375 1136 589 1229 indignatus,
611 1153 723 1231 raptas
747 1139 810 1206 sihi
828 1138 919 1206 lirrto
939 1137 1091 1223 delicias,
1108 1137 1221 1206 mede
1246 1163 1303 1206 re-
1400 1118 1401 1143 ³

250 1281 405 1374 petundis
423 1282 636 1350 insimulavit.
657 1281 719 1352 Illa
736 1285 825 1352 enirn
842 1299 913 1352 erat
940 1299 1034 1352 vetus
1061 1309 1157 1352 amor
1181 1281 1299 1352 illius:
1400 1306 1401 1395 q

251 1429 361 1519 itaque
377 1427 559 1497 mercedem
575 1428 714 1520 jacturae
734 1429 781 1496 sic
797 1428 912 1498 festive
932 1442 1181 1522 aggressusest.
1200 1428 1299 1497 Libi-

250 1571 327 1638 dine
346 1573 530 1640 concitatus
556 1597 609 1641 mc
636 1574 869 1667 prosequitur..
888 1573 1075 1667 Tryphaena
1096 1587 1207 1640 autem
1235 1595 1299 1639 cor

250 1739 359 1782 mcum
384 1713 588 1809 possidente,
608 1740 704 1784 aures
723 1719 820 1810 Lycae
839 1717 986 1817 negavi:
1006 1713 1228 1808 denegatione
1245 1729 1298 1782 ta·
1400 1780 1402 1786 ,

248 1883 324 1927 men
344 1858 514 1927 ardentior
536 1858 642 1927 factus
665 1884 718 1926 me
746 1884 882 1952 quoquo
901 1859 1111 1951 sequebatur,
1131 1872 1164 1926 et
1183 1883 1295 1926 meam

248 2019 348 2073 noctu
366 2002 516 2072 cellulam
535 2004 691 2089 intravit,
706 2002 784 2090 sed,
801 2004 954 2097 precihus
968 2003 1139 2090 fastiditis,
1156 2002 1200 2072 ad
1216 2006 1294 2072 vio·
1398 2058 1402 2074 .

247 2148 382 2218 lentiam
408 2149 443 2215 in
470 2172 522 2215 me
552 2172 749 2229 conversus,
772 2161 840 2214 tam
860 2147 1070 2216 vehementer
1094 2147 1293 2228 exclamavi,

216 2310 219 2314 '
247 2313 304 2380 ut,
323 2299 464 2367 excitata
487 2295 627 2384 familia,
655 2311 686 2365 et
706 2299 860 2390 Lycurgo
879 2296 1025 2382 favente,
1048 2323 1067 2364 a
1084 2296 1213 2364 molesti
1231 2299 1293 2364 im·

248 2461 326 2540 petu
349 2445 505 2516 liberatus
529 2448 627 2514 evasi.
649 2449 696 2515 Ut
724 2445 868 2540 denique
895 2447 1038 2540 Lycurgi
1060 2444 1178 2514 domus
1202 2445 1293 2513 illius
1400 2504 1401 2543 3

248 2595 332 2662 votis
359 2619 426 2664 non
451 2594 626 2664 commoda
646 2594 831 2680 videbatur,
858 2593 941 2662 milri
967 2592 1104 2662 suadere
1129 2596 1292 2681 tentavit,
1400 2548 1401 2563 l

248 2763 285 2816 ut
302 2747 484 2842 hospitium
501 2747 571 2840 ejus
590 2759 752 2841 peterem3
773 2743 830 2812 sed
853 2741 1026 2836 repudiata
1043 2744 1291 2836 propositione,

244 2899 441 2967 auctoritate
457 2895 651 2990 Tryphaenae
669 2919 749 2962 usus
768 2909 817 2962 est
835 2920 842 2960 :
858 2916 898 2962 eo
918 2892 1073 2960 libentius
1094 2890 1150 2960 illa
1167 2916 1221 2959 me
1237 2917 1290 2959 ro-

231 3050 348 3150 gavit,
367 3053 463 3144 Lycae
479 3046 645 3116 voluntati
664 3044 906 3127 consentirem,
925 3040 1016 3134 quod
1033 3041 1081 3110 ibi
1097 3040 1233 3109 liberius
1245 3043 1291 3108 vi·
1400 3052 1401 3095 l

248 3227 324 3278 vere
340 3213 494 3294 speraret.
511 3199 639 3288 Sequor
649 3195 753 3286 igitur
764 3215 910 3259 amorem
923 3216 933 3278 3
946 3189 1002 3257 scd
1015 3193 1198 3283 Lycurgus,
1212 3213 1287 3257 cum
1396 3175 1402 3213 ³

247 3351 380 3447 Ascylto
397 3351 499 3418 veteri
514 3348 642 3415 ratione
661 3357 839 3426 renovata,
858 3366 933 3410 cum
947 3339 1115 3409 discedere
1129 3365 1197 3408 non
1214 3365 1286 3434 pas-
1400 3362 1401 3433 j

249 3526 303 3574 sus
322 3514 380 3568 est.
400 3501 578 3590 Propterea
597 3495 684 3587 pacti
705 3515 835 3574 sumus,
856 3488 946 3582 quod
964 3487 1019 3555 ille
1037 3512 1113 3556 cum
1133 3489 1285 3581 Lycurgo
1397 3456 1402 3477 l

249 3662 450 3733 remaneret,
476 3670 537 3713 nos
565 3657 674 3712 autem
701 3645 826 3735 Lycam
848 3661 1071 3730 sequeremur.
1097 3639 1238 3730 Insuper
1253 3650 1285 3734 et
1400 3714 1401 3725 χ

249 3798 469 3878 decrevimus,
496 3791 587 3886 quod
615 3790 843 3883 unusquisque
871 3783 1052 3854 secundum
1082 3785 1284 3854 occasionem

250 3945 452 4046 praedaretur
470 3945 503 4009 in
524 3963 734 4010 communem
754 3958 860 4004 usum.
880 3936 1024 4027 Accepta
1043 3933 1283 4025 propositione,
1400 3988 1402 4035 ,

251 4093 452 4174 incredibilis
472 4092 534 4160 luit
554 4094 647 4185 Lycoe
664 4086 776 4155 laetitia
794 4111 801 4152 τ
820 4077 1013 4152 acceleravit
1030 4080 1231 4165 discessum,
1255 4097 1285 4148 ct
