2817 4684
266 433 318 488 182
534 433 567 488 T.
589 430 770 488 Pmoun
791 431 1010 488 SATYRICON.

596 1267 761 1337 CAPUT
791 1265 946 1335 XLVII.

303 1491 476 1584 Ejusmodi
497 1492 617 1562 sabuiae
631 1494 826 1578 vibrabant,
849 1517 952 1586 quum
966 1491 1167 1561 Trimalchio
1186 1493 1288 1558 intra-

255 1636 321 1721 vit,
338 1648 371 1703 et
388 1635 515 1706 detersa
533 1634 642 1706 fronte
658 1651 845 1730 unguento,
863 1661 980 1704 manus
1004 1635 1099 1723 lavit,
1110 1637 1292 1730 ,spatioque

253 1777 392 1846 minimo
408 1778 622 1873 interposito:
640 1779 864 1871 -Ignoscite
883 1776 997 1870 mihi(
1007 1776 1156 1871 inquit),
1171 1778 1288 1860 amici,

251 1918 365 1988 multis
378 1921 449 2013 jam
466 1915 585 1992 diebus
598 1937 719 1991 venien
737 1922 820 1990 mihi
844 1945 912 1988 uon
935 1921 1122 2015 respondit:
1138 1946 1201 1990 nec
1221 1945 1289 1988 me-
1387 1961 1388 1964 =

252 2059 318 2129 dici
343 2087 377 2130 se
396 2065 589 2152 inveniunt3
615 2063 741 2160 profuit
764 2064 847 2133 mihi
868 2079 977 2133 tamen
1003 2062 1230 2149 malicorium,
1257 2078 1288 2130 et
1387 2127 1388 2132 ,

250 2200 335 2270 taeda
346 2228 386 2271 ex
403 2219 507 2272 aceto.
525 2208 629 2299 Spero
650 2221 778 2294 tamen,
792 2206 862 2297 jam
879 2219 1028 2274 ventrem
1042 2205 1205 2299 pudorem
1224 2205 1286 2273 sibi

250 2344 439 2437 imponere3
454 2346 602 2441 alioquin
628 2349 939 2418 cireastomachum
957 2349 1049 2418 mihi
1061 2362 1173 2437 sonat,
1191 2363 1288 2441 putes

250 2501 394 2556 taurum.
414 2494 550 2584 ltaque,
575 2494 603 2560 si
621 2495 696 2585 quis
712 2508 859 2562 vestium
875 2491 1017 2562 voluerit
1034 2513 1101 2562 suae
1116 2494 1163 2560 rei
1189 2517 1288 2560 causa

247 2629 373 2717 facere,
391 2658 460 2702 nou
479 2649 549 2721 est,
570 2635 659 2728 quod
686 2635 779 2704 illum
799 2635 973 2730 pudeatur.
1000 2637 1106 2706 Nemo
1135 2651 1288 2704 nostrum

247 2773 351 2844 solide
366 2791 464 2846 natus
480 2793 539 2848 est.
554 2782 628 2872 Ego
643 2779 774 2850 nullum
789 2795 871 2874 puto
888 2795 956 2848 tam
973 2759 1132 2874 magnum
1145 2795 1289 2850 tormen·
1386 2851 1387 2867 χ

248 2934 420 3008 tumuisse,
443 2948 543 3015 quam
566 2925 747 2994 continere.
775 2927 850 2994 Hoc
872 2923 978 2992 solum
1001 2938 1112 2992 vetare
1135 2949 1178 3026 ne
1198 2925 1287 2991 Jovis

248 3064 491 3154 posnaniae,
509 3065 706 3136 Fortunata!
724 3093 798 3160 quae
813 3066 895 3136 soles
910 3093 963 3135 me
977 3081 1074 3135 nocte
1091 3066 1283 3136 desomnem

247 3208 363 3278 faeere.
384 3213 453 3280 Nec
470 3227 579 3282 tamen
599 3215 634 3282 in
655 3213 799 3282 triclinio
819 3213 924 3283 ullum
941 3217 1030 3283 vetui
1046 3213 1172 3301 facere,
1193 3215 1286 3309 quod
1385 3221 1386 3276 ἢ

247 3375 281 3419 se
295 3354 407 3444 juvet:
428 3370 461 3422 et
479 3356 598 3426 medici
613 3372 728 3426 vetant
746 3360 934 3446 continere3
958 3357 1029 3444 vel,
1055 3357 1184 3449 siquid
1211 3357 1285 3450 pius
1385 3423 1386 3431 ,

246 3499 355 3584 venias
373 3503 484 3570 omnia
502 3501 589 3570 foras
606 3517 723 3595 parata
746 3517 841 3570 santa
860 3527 963 3595 aqua,
989 3500 1155 3588 lasanum,
1179 3517 1213 3570 et
1234 3527 1284 3569 ce-

247 3652 317 3707 tera
327 3641 512 3712 minutalia.
521 3642 656 3712 Credite
665 3645 764 3730 mihi,
779 3644 1013 3737 anathymiasis
1027 3645 1054 3710 si
1064 3619 1100 3710 in
1113 3643 1283 3711 cerebrum

245 3783 288 3868 it,
302 3784 337 3850 in
356 3799 426 3854 toto
439 3812 579 3882 corpore
591 3787 729 3856 fluctum
743 3787 831 3857 facit.
850 3786 975 3856 Multos
993 3787 1061 3855 scio
1076 3788 1123 3854 sic
1134 3788 1282 3880 periisse,
1384 3795 1385 3848 i

250 3890 331 3994 dum
341 3927 462 4000 nolunt
478 3931 541 3998 sihi
557 3955 671 4000 varum
688 3932 807 4000 dicere.
823 3969 866 3984 -
881 3931 1014 3999 Gratias
1027 3932 1156 4022 agimus
1168 3930 1283 4000 libera·

247 4063 350 4155 Ιὶῐαιί,Ι
368 4070 647 4163 indulgentiaque
666 4074 756 4165 ejus,
774 4087 807 4141 et
831 4073 971 4141 subinde
989 4075 1187 4164 castigamus
1210 4097 1279 4141 cre-
