2817 4684
343 548 456 605 Gallina
475 547 529 602 tibi
547 542 712 613 Numidica,
730 542 786 599 tibi
805 543 894 616 gallus
912 542 1019 615 spado,

345 650 461 710 Ciconia
476 652 559 709 etiarn
574 658 672 722 grata,
690 646 859 722 peregrina,
876 645 1054 721 hospita,

338 755 556 823 Pietaticultrix‚
573 752 739 827 gracilipes,
757 750 941 821 crotalistria,

344 860 429 928 Avis,
447 859 526 914 exsul
541 856 659 924 hiemis,
676 856 773 910 titulus
789 854 879 928 tepidi
893 852 1050 929 temporis,

344 962 484 1035 Nequitiae
497 959 619 1015 nidum
610 979 641 1015 ιιι
657 960 761 1015 cacabo
774 958 840 1013 fecit
855 977 929 1013 meo.

345 1067 414 1135 Quo
430 1060 582 1138 margarita
598 1080 680 1130 cara,
699 1060 840 1131 tribacca,
856 1077 888 1115 ac
902 1057 1022 1113 Indica?

346 1173 389 1222 An
409 1180 441 1223 ut
453 1177 601 1235 matrona,
614 1173 714 1220 ornata
730 1161 853 1237 phaleris
867 1160 1003 1234 pelagiis,

320 1272 440 1326 aTollat
462 1270 549 1343 pedes
568 1265 757 1323 indomitam
775 1261 1037 1320 stramextraneo?

345 1374 532 1447 Smaragdnm
548 1372 585 1427 ad
601 1390 685 1445 qnam
699 1388 761 1440 rem
778 1367 901 1424 viridem
921 1365 1076 1440 pretiosum
1095 1366 1224 1425 vitrum?

281 1456 287 1471 ’
348 1477 415 1546 Quo
432 1474 644 1531 Carchedonios
662 1484 743 1548 optas
757 1472 837 1545 ignes
854 1467 1001 1544 lapideos,

348 1577 409 1633 Nisi
425 1588 455 1633 nt
473 1575 646 1641 scintillent?
662 1573 792 1631 Probitas
808 1582 849 1629 est
867 1571 1060 1629 carbunculus.

348 1684 472 1755 AEquum
490 1691 547 1749 est,
563 1679 682 1734 induere
696 1687 816 1749 nuptam
831 1685 946 1731 ventum
965 1674 1110 1743 textilem,

350 1785 444 1840 Palam
461 1793 590 1857 prostare
606 1780 738 1837 ιιιιᾶιιιι
730 1799 760 1835 ιιι
776 1780 880 1835 nebula
895 1776 991 1835 linea?

589 2473 593 2490 Ι
627 2382 791 2450 CAPUT
822 2382 919 2448 LVI.

247 427 303 485 nol
522 422 555 475 T.
576 420 755 477 PETRONII
776 416 998 474 SATYRICON

303 2604 403 2705 Quod
416 2619 542 2693 autem,
560 2605 686 2700 inquit,
701 2622 872 2701 putamus,
890 2605 1071 2675 seeundum
1090 2606 1216 2675 litteras
1231 2605 1291 2675 dil·
1386 2608 1387 2687 ζ

254 2746 439 2816 ficillimum
457 2774 527 2817 esse
541 2750 824 2843 artificium?·Ego
844 2764 925 2845 puto
944 2750 1128 2838 medicum,
1149 2766 1182 2819 et
1198 2775 1292 2817 num·

256 2889 446 2960 mularium.
469 2893 636 2980 Medicus,
658 2896 717 2988 qui
748 2896 824 2981 scit,
847 2894 929 2987 quid
949 2894 1187 2963 homunciones
1206 2895 1292 2962 intra

257 3035 439 3128 praecordia
452 3060 512 3104 sua
525 3036 687 3125 habeant,
703 3052 737 3107 et
751 3036 885 3131 quando
901 3037 1001 3105 febris
1016 3039 1137 3106 veniat.
1156 3002 1291 3106 Etiamsi

256 3178 330 3247 illos
356 3178 412 3247 odi
447 3182 603 3273 pessime,
637 3183 696 3273 qui
713 3182 796 3249 mihi
809 3182 929 3274 jubent
945 3205 1030 3276 saepe
1047 3183 1218 3250 anatinam
1236 3208 1292 3276 pa-

257 3320 335 3393 rari.
354 3325 627 3431 Nummularius,
649 3327 707 3419 qui
729 3351 789 3420 per
814 3341 988 3420 argentum
1010 3352 1052 3397 aes
1079 3326 1180 3397 videt.
1210 3330 1293 3403 Sunt

257 3442 357 3540 mutae
369 3470 480 3539 bestiae
494 3469 774 3556 laboriosissimae,
792 3471 909 3557 hoves,
928 3486 962 3540 et
978 3496 1068 3540 oves:
1083 3472 1201 3556 boves,
1213 3496 1293 3565 quo·

259 3639 334 3685 rum
346 3614 506 3683 beneficio
520 3639 640 3709 panem
649 3614 887 3684 manducamus
905 3642 913 3683 :
930 3640 1023 3699 oves,
1041 3616 1131 3709 quod
1142 3615 1219 3684 lana
1233 3614 1293 3683 illae

259 3781 321 3824 nos
339 3755 502 3849 gloriosos
521 3756 658 3825 faciunt.
678 3759 710 3825 0
725 3754 853 3825 facinus
869 3754 1061 3849 iudignum!
1079 3757 1199 3852 aliquis
1217 3755 1295 3825 ovil-

258 3900 325 3970 lam
339 3914 407 3988 est,
422 3914 455 3970 et
468 3901 616 3969 tunicam
629 3898 739 3968 habet.
756 3902 843 3993 Apes
858 3900 945 3968 enim
960 3924 1021 3993 ego
1033 3900 1163 3968 divinas
1176 3900 1294 3969 bestias

259 4060 363 4138 puto,
381 4070 455 4138 quae
472 4043 535 4114 mel
552 4060 711 4115 vomunt:
731 4045 857 4113 etiamsi
874 4041 996 4114 dicitur
1013 4043 1093 4114 illud
1114 4071 1135 4113 a
1152 4048 1234 4115 Jove
1250 4042 1295 4113 af-
