2817 4684
251 444 287 493 70
533 427 566 480 T.
587 426 768 481 PETRONII
785 425 1006 482 SATYRICON.

254 553 407 638 strinxit3
429 565 479 620 et:
499 580 515 614 a
533 553 568 620 Si
585 554 741 620 Lucretia
755 578 805 640 es,
829 554 954 645 inquit,
967 553 1188 645 Tarquinium
1205 551 1298 616 inve

253 694 343 761 nisti.
354 693 565 780 n-Quibus
583 718 645 786 ego
660 694 799 782 auditis,
816 697 977 764 intentavi
994 696 1030 763 in
1047 692 1300 785 oculosAscylti

255 860 398 923 manus,
418 851 471 903 et:
488 835 635 924 -Quid
652 837 751 924 dicis,
771 839 924 930 inquam,
940 837 1110 906 muliebris
1127 839 1299 932 patientiae

256 994 418 1066 scortum,
438 980 532 1072 cujus
551 1005 594 1048 ne
611 981 747 1074 spiritus
763 1005 867 1075 purus
881 980 950 1049 est?
964 982 1248 1049 -lnhorrescere
1262 1005 1299 1047 se

242 1125 352 1192 ¹finxit
374 1123 543 1218 Ascyltos,
573 1151 671 1212 mox,
697 1125 834 1194 sublatis
860 1126 978 1194 fortius
1003 1125 1175 1210 manibus,
1197 1122 1301 1216 longe
1392 1142 1393 1149 ’

257 1268 382 1360 majore
402 1267 477 1335 nisu
495 1265 649 1335 clamavit
659 1293 672 1334 2:
694 1307 739 1322 -
753 1269 831 1339 Non
850 1282 957 1355 taces,
983 1269 1112 1361 inquit,
1133 1266 1302 1360 gladiator
1392 1318 1393 1371 l

138 1415 142 1422 “
259 1411 433 1498 obscoene,
459 1436 557 1503 quem
582 1408 746 1506 [hospitis
765 1410 994 1512 homicidam]
1022 1411 1063 1480 de
1079 1413 1178 1481 ruina
1198 1436 1303 1479 arena

196 1613 198 1616 .
260 1555 407 1625 dimisit?
435 1559 514 1626 Non
541 1571 646 1646 taces,
673 1573 837 1627 nocturne
858 1581 1046 1652 percussor,
1076 1560 1135 1650 qui
1160 1583 1203 1626 ne
1229 1573 1304 1625 tum
1392 1564 1393 1599 ³

261 1699 414 1792 quidem,
425 1726 529 1793 quum
539 1700 668 1771 fortiter
678 1702 817 1789 faceres,
831 1728 907 1772 cum
919 1727 1003 1797 pura
1020 1701 1156 1771 muliere
1171 1725 1305 1794 pugna-

262 1843 328 1913 sti?
345 1845 450 1937 Cujus
474 1846 588 1916 eadem
614 1849 743 1916 ratione
770 1849 805 1915 in
832 1847 989 1915 viridario
1015 1846 1116 1914 frater
1142 1845 1207 1932 fui,
1236 1871 1307 1938 qua

264 2013 354 2094 punc
372 1991 406 2056 in
427 1989 615 2060 deversorio
632 2016 716 2086 puer
732 1991 859 2060 est?—
869 1991 1062 2061 Subduxisti
1080 2005 1128 2078 te,
1145 1992 1309 2082 inquam,

265 2158 285 2201 a
302 2134 515 2227 praeceptoris
531 2133 720 2226 colloquio?

665 3051 841 3130 ,CAPUT
864 3052 908 3116 X.

320 3268 478 3358 -Quid
494 3293 571 3361 ego,
588 3267 689 3336 homo
708 3266 916 3352 stultissime,
931 3265 1038 3332 facere
1060 3261 1179 3345 debui,
1203 3283 1311 3350 quum

274 3408 359 3476 fame
385 3405 553 3476 morerer?
571 3431 615 3474 an
634 3404 786 3474 videlieet
809 3403 958 3474 audirem
975 3401 1169 3485 sententias,
1190 3397 1225 3464 id
1244 3413 1314 3481 est,

274 3546 379 3614 vitrea
395 3545 516 3633 fracta,
538 3559 570 3613 et
586 3545 792 3613 somniorum
810 3535 1123 3633 interpretamenta?
1140 3533 1250 3605 Multo
1263 3559 1316 3600 me

276 3683 405 3777 turpior
431 3699 544 3772 estu,
573 3679 729 3767 Hercule,
756 3680 814 3772 qui
834 3693 870 3746 ut
892 3675 973 3744 foris
995 3698 1157 3760 coenares,
1183 3687 1316 3765 poetam

277 3820 428 3890 laudasti.
446 3863 489 3878 -
506 3823 623 3912 Itaque
642 3843 683 3887 ex
701 3817 891 3910 turpissima
908 3813 965 3881 lite
990 3813 1025 3880 in
1051 3814 1156 3880 risum
1182 3807 1316 3888 diffusi,

277 3959 425 4052 pacatius
443 3956 486 4026 ad
504 3955 632 4050 reliqua
651 3955 850 4024 secessimus.
869 3955 997 4020 Rursus
1014 3951 1049 4018 in
1058 3949 1251 4018 memoriam
1267 3970 1319 4012 re·

270 4063 412 4164 vvocatus
428 4095 556 4187 injuriae
570 4089 776 4184 &Ascylte
793 4090 944 4180 inquam,
963 4085 1111 4179 intelligo
1129 4085 1226 4152 nobis
1243 4107 1320 4149 con·
