<?xml version="1.0" encoding="UTF-8"?>
<!DOCTYPE html PUBLIC "-//W3C//DTD XHTML 1.0 Transitional//EN"
    "http://www.w3.org/TR/xhtml1/DTD/xhtml1-transitional.dtd">
<html xmlns="http://www.w3.org/1999/xhtml" xml:lang="en" lang="en">
 <head>
  <title>
</title>
<meta http-equiv="Content-Type" content="text/html;charset=utf-8" />
  <meta name='ocr-system' content='tesseract 3.04.00' />
  <meta name='ocr-capabilities' content='ocr_page ocr_carea ocr_par ocr_line ocrx_word'/>
</head>
<body>
  <div class='ocr_page' id='page_1' title='image "./lesatyricondetp00conggoog_0227.png"; bbox 0 0 2817 4684; ppageno 0'>
   <div class='ocr_carea' id='block_1_1' title="bbox 1220 88 1232 233">
    <p class='ocr_par' dir='ltr' id='par_1_1' title="bbox 1220 88 1232 233">
     <span class='ocr_line' id='line_1_1' title="bbox 1220 88 1232 233; baseline 0 0"><span class='ocrx_word' id='word_1_1' title='bbox 1220 88 1232 233; x_wconf 74' lang='lat' dir='ltr'><strong>i</strong></span> 
     </span>
    </p>
   </div>
   <div class='ocr_carea' id='block_1_2' title="bbox 268 365 1029 428">
    <p class='ocr_par' dir='ltr' id='par_1_2' title="bbox 268 365 1029 428">
     <span class='ocr_line' id='line_1_2' title="bbox 268 365 1029 428; baseline -0.007 -4"><span class='ocrx_word' id='word_1_2' title='bbox 268 369 324 425; x_wconf 74' lang='lat'><strong>226</strong></span> <span class='ocrx_word' id='word_1_3' title='bbox 545 367 579 424; x_wconf 88' lang='grc' dir='ltr'><strong>Τ.</strong></span> <span class='ocrx_word' id='word_1_4' title='bbox 597 366 781 423; x_wconf 84' lang='lat' dir='ltr'><strong>PETRONII</strong></span> <span class='ocrx_word' id='word_1_5' title='bbox 801 365 1029 428; x_wconf 76' lang='lat' dir='ltr'><strong>SATYRICON.</strong></span> 
     </span>
    </p>
   </div>
   <div class='ocr_carea' id='block_1_3' title="bbox 266 462 1314 727">
    <p class='ocr_par' dir='ltr' id='par_1_3' title="bbox 266 462 1314 727">
     <span class='ocr_line' id='line_1_3' title="bbox 266 462 1314 587; baseline -0.001 -26"><span class='ocrx_word' id='word_1_6' title='bbox 266 492 469 587; x_wconf 78' lang='lat' dir='ltr'><strong>versipellem</strong></span> <span class='ocrx_word' id='word_1_7' title='bbox 487 517 574 580; x_wconf 87' lang='lat' dir='ltr'><strong>esse,</strong></span> <span class='ocrx_word' id='word_1_8' title='bbox 592 517 653 561; x_wconf 88' lang='lat' dir='ltr'><strong>nec</strong></span> <span class='ocrx_word' id='word_1_9' title='bbox 669 506 782 587; x_wconf 90' lang='lat' dir='ltr'><strong>postea</strong></span> <span class='ocrx_word' id='word_1_10' title='bbox 796 462 873 560; x_wconf 89' lang='lat' dir='ltr'><strong>cuni</strong></span> <span class='ocrx_word' id='word_1_11' title='bbox 893 489 949 559; x_wconf 91' lang='lat' dir='ltr'><strong>illo</strong></span> <span class='ocrx_word' id='word_1_12' title='bbox 963 494 1084 585; x_wconf 80' lang='lat' dir='ltr'><strong>&#39;panem</strong></span> <span class='ocrx_word' id='word_1_13' title='bbox 1099 505 1235 583; x_wconf 85' lang='lat' dir='ltr'><strong>gustare</strong></span> <span class='ocrx_word' id='word_1_14' title='bbox 1253 517 1314 585; x_wconf 89' lang='lat' dir='ltr'><strong>po-</strong></span> 
     </span>
     <span class='ocr_line' id='line_1_4' title="bbox 266 616 1313 727; baseline -0.006 -20"><span class='ocrx_word' id='word_1_15' title='bbox 266 641 333 726; x_wconf 88' lang='lat' dir='ltr'><strong>tui;</strong></span> <span class='ocrx_word' id='word_1_16' title='bbox 354 616 438 725; x_wconf 89' lang='lat' dir='ltr'><strong>non,</strong></span> <span class='ocrx_word' id='word_1_17' title='bbox 463 639 490 705; x_wconf 92' lang='lat' dir='ltr'><strong>si</strong></span> <span class='ocrx_word' id='word_1_18' title='bbox 510 662 564 706; x_wconf 91' lang='lat' dir='ltr'><strong>me</strong></span> <span class='ocrx_word' id='word_1_19' title='bbox 580 635 764 705; x_wconf 81' lang='lat' dir='ltr'><strong>occidisses.</strong></span> <span class='ocrx_word' id='word_1_20' title='bbox 784 633 955 722; x_wconf 84' lang='lat' dir='ltr'><strong>Viderint,</strong></span> <span class='ocrx_word' id='word_1_21' title='bbox 979 636 1037 727; x_wconf 91' lang='lat' dir='ltr'><strong>qui</strong></span> <span class='ocrx_word' id='word_1_22' title='bbox 1057 633 1099 703; x_wconf 92' lang='lat' dir='ltr'><strong>de</strong></span> <span class='ocrx_word' id='word_1_23' title='bbox 1118 634 1182 702; x_wconf 86' lang='lat' dir='ltr'><strong>boc</strong></span> <span class='ocrx_word' id='word_1_24' title='bbox 1207 634 1313 703; x_wconf 90' lang='lat' dir='ltr'><strong>aliter</strong></span> 
     </span>
    </p>
   </div>
   <div class='ocr_carea' id='block_1_4' title="bbox 266 776 1313 875">
    <p class='ocr_par' dir='ltr' id='par_1_4' title="bbox 266 776 1313 875">
     <span class='ocr_line' id='line_1_5' title="bbox 266 776 1313 875; baseline -0.007 -24"><span class='ocrx_word' id='word_1_25' title='bbox 266 784 515 875; x_wconf 82' lang='lat' dir='ltr'><strong>exopinassent:</strong></span> <span class='ocrx_word' id='word_1_26' title='bbox 536 804 613 872; x_wconf 82' lang='lat' dir='ltr'><strong>ego,</strong></span> <span class='ocrx_word' id='word_1_27' title='bbox 632 780 659 852; x_wconf 91' lang='lat' dir='ltr'><strong>si</strong></span> <span class='ocrx_word' id='word_1_28' title='bbox 677 780 835 866; x_wconf 87' lang='lat' dir='ltr'><strong>mentior,</strong></span> <span class='ocrx_word' id='word_1_29' title='bbox 853 779 968 871; x_wconf 82' lang='lat' dir='ltr'><strong>genios</strong></span> <span class='ocrx_word' id='word_1_30' title='bbox 982 792 1108 845; x_wconf 88' lang='lat' dir='ltr'><strong>vestros</strong></span> <span class='ocrx_word' id='word_1_31' title='bbox 1129 776 1231 846; x_wconf 85' lang='lat' dir='ltr'><strong>iratos</strong></span> <span class='ocrx_word' id='word_1_32' title='bbox 1249 778 1313 845; x_wconf 91' lang='lat' dir='ltr'><strong>ha-</strong></span> 
     </span>
    </p>
   </div>
   <div class='ocr_carea' id='block_1_5' title="bbox 182 926 370 1001">
    <p class='ocr_par' dir='ltr' id='par_1_5' title="bbox 182 926 370 1001">
     <span class='ocr_line' id='line_1_6' title="bbox 182 926 370 1001; baseline -0.011 0"><span class='ocrx_word' id='word_1_33' title='bbox 182 926 370 1001; x_wconf 24' lang='lat' dir='ltr'><strong>,bearn</strong></span> 
     </span>
    </p>
   </div>
   <div class='ocr_carea' id='block_1_6' title="bbox 611 1926 948 2001">
    <p class='ocr_par' dir='ltr' id='par_1_6' title="bbox 611 1926 948 2001">
     <span class='ocr_line' id='line_1_7' title="bbox 611 1926 948 2001; baseline -0.003 -2"><span class='ocrx_word' id='word_1_34' title='bbox 611 1926 776 2000; x_wconf 82' lang='lat' dir='ltr'><strong>CAPUT</strong></span> <span class='ocrx_word' id='word_1_35' title='bbox 809 1932 948 2001; x_wconf 87' lang='lat' dir='ltr'><strong>LXIII.</strong></span> 
     </span>
    </p>
   </div>
   <div class='ocr_carea' id='block_1_7' title="bbox 266 2140 1392 3971">
    <p class='ocr_par' dir='ltr' id='par_1_7' title="bbox 266 2140 1392 3971">
     <span class='ocr_line' id='line_1_8' title="bbox 314 2140 1392 2253; baseline -0.002 -44"><span class='ocrx_word' id='word_1_36' title='bbox 314 2141 474 2209; x_wconf 86' lang='lat' dir='ltr'><strong>Attonitis</strong></span> <span class='ocrx_word' id='word_1_37' title='bbox 503 2140 723 2210; x_wconf 84' lang='lat' dir='ltr'><strong>admiratione</strong></span> <span class='ocrx_word' id='word_1_38' title='bbox 757 2144 938 2211; x_wconf 88' lang='lat' dir='ltr'><strong>universis:</strong></span> <span class='ocrx_word' id='word_1_39' title='bbox 960 2182 1003 2198; x_wconf 90' lang='lat'>-</span> <span class='ocrx_word' id='word_1_40' title='bbox 1026 2140 1143 2228; x_wconf 89' lang='lat' dir='ltr'><strong>Salvo,</strong></span> <span class='ocrx_word' id='word_1_41' title='bbox 1179 2141 1308 2233; x_wconf 90' lang='lat' dir='ltr'><strong>inquit,</strong></span> <span class='ocrx_word' id='word_1_42' title='bbox 1391 2234 1392 2253; x_wconf 13' lang='grc' dir='ltr'><strong>Χ</strong></span> 
     </span>
     <span class='ocr_line' id='line_1_9' title="bbox 268 2258 1392 2378; baseline -0.003 -28"><span class='ocrx_word' id='word_1_43' title='bbox 268 2297 326 2350; x_wconf 93' lang='lat' dir='ltr'><strong>tuo</strong></span> <span class='ocrx_word' id='word_1_44' title='bbox 344 2306 512 2369; x_wconf 84' lang='lat' dir='ltr'><strong>sermone,</strong></span> <span class='ocrx_word' id='word_1_45' title='bbox 531 2282 754 2371; x_wconf 83' lang='lat' dir='ltr'><strong>Trimalchio,</strong></span> <span class='ocrx_word' id='word_1_46' title='bbox 772 2285 800 2352; x_wconf 91' lang='lat' dir='ltr'><strong>si</strong></span> <span class='ocrx_word' id='word_1_47' title='bbox 817 2309 883 2378; x_wconf 90' lang='lat' dir='ltr'><strong>qua</strong></span> <span class='ocrx_word' id='word_1_48' title='bbox 902 2284 982 2357; x_wconf 88' lang='lat' dir='ltr'><strong>fides</strong></span> <span class='ocrx_word' id='word_1_49' title='bbox 1001 2300 1070 2372; x_wconf 87' lang='lat' dir='ltr'><strong>est,</strong></span> <span class='ocrx_word' id='word_1_50' title='bbox 1088 2298 1125 2353; x_wconf 90' lang='lat' dir='ltr'><strong>ut</strong></span> <span class='ocrx_word' id='word_1_51' title='bbox 1145 2282 1227 2351; x_wconf 90' lang='lat' dir='ltr'><strong>mihi</strong></span> <span class='ocrx_word' id='word_1_52' title='bbox 1245 2280 1307 2375; x_wconf 91' lang='lat' dir='ltr'><strong>pili</strong></span> <span class='ocrx_word' id='word_1_53' title='bbox 1391 2258 1392 2318; x_wconf 59' lang='lat' dir='ltr'><strong>l</strong></span> 
     </span>
     <span class='ocr_line' id='line_1_10' title="bbox 268 2426 1309 2521; baseline 0.002 -28"><span class='ocrx_word' id='word_1_54' title='bbox 268 2426 522 2519; x_wconf 72' lang='lat' dir='ltr'><strong>inhorruerunt3</strong></span> <span class='ocrx_word' id='word_1_55' title='bbox 539 2429 617 2520; x_wconf 85' lang='lat' dir='ltr'><strong>quia</strong></span> <span class='ocrx_word' id='word_1_56' title='bbox 634 2429 721 2515; x_wconf 87' lang='lat' dir='ltr'><strong>scio,</strong></span> <span class='ocrx_word' id='word_1_57' title='bbox 741 2430 931 2511; x_wconf 77' lang='lat' dir='ltr'><strong>Nicerotem</strong></span> <span class='ocrx_word' id='word_1_58' title='bbox 948 2428 1032 2507; x_wconf 85' lang='lat' dir='ltr'><strong>nihil</strong></span> <span class='ocrx_word' id='word_1_59' title='bbox 1044 2451 1210 2521; x_wconf 84' lang='lat' dir='ltr'><strong>nugarum</strong></span> <span class='ocrx_word' id='word_1_60' title='bbox 1229 2450 1309 2495; x_wconf 85' lang='lat' dir='ltr'><strong>nar·</strong></span> 
     </span>
     <span class='ocr_line' id='line_1_11' title="bbox 267 2570 1312 2665; baseline 0.001 -29"><span class='ocrx_word' id='word_1_61' title='bbox 267 2593 350 2640; x_wconf 83' lang='lat' dir='ltr'><strong>rare.</strong></span> <span class='ocrx_word' id='word_1_62' title='bbox 366 2571 474 2639; x_wconf 85' lang='lat' dir='ltr'><strong>Immo</strong></span> <span class='ocrx_word' id='word_1_63' title='bbox 487 2584 596 2639; x_wconf 82' lang='lat' dir='ltr'><strong>certus</strong></span> <span class='ocrx_word' id='word_1_64' title='bbox 610 2585 675 2658; x_wconf 88' lang='lat' dir='ltr'><strong>est,</strong></span> <span class='ocrx_word' id='word_1_65' title='bbox 692 2584 727 2638; x_wconf 89' lang='lat' dir='ltr'><strong>et</strong></span> <span class='ocrx_word' id='word_1_66' title='bbox 740 2572 876 2640; x_wconf 88' lang='lat' dir='ltr'><strong>minime</strong></span> <span class='ocrx_word' id='word_1_67' title='bbox 891 2570 1078 2665; x_wconf 73' lang='lat' dir='ltr'><strong>linguosus,</strong></span> <span class='ocrx_word' id='word_1_68' title='bbox 1097 2596 1175 2640; x_wconf 92' lang='lat' dir='ltr'><strong>nam</strong></span> <span class='ocrx_word' id='word_1_69' title='bbox 1189 2584 1223 2639; x_wconf 93' lang='lat' dir='ltr'><strong>et</strong></span> <span class='ocrx_word' id='word_1_70' title='bbox 1237 2572 1312 2665; x_wconf 87' lang='lat' dir='ltr'><strong>ipse</strong></span> 
     </span>
     <span class='ocr_line' id='line_1_12' title="bbox 266 2714 1309 2813; baseline 0 -30"><span class='ocrx_word' id='word_1_71' title='bbox 266 2714 360 2784; x_wconf 79' lang='lat' dir='ltr'><strong>vobis</strong></span> <span class='ocrx_word' id='word_1_72' title='bbox 379 2738 449 2784; x_wconf 90' lang='lat' dir='ltr'><strong>rem</strong></span> <span class='ocrx_word' id='word_1_73' title='bbox 461 2714 655 2784; x_wconf 90' lang='lat' dir='ltr'><strong>horribilem</strong></span> <span class='ocrx_word' id='word_1_74' title='bbox 668 2716 831 2785; x_wconf 51' lang='lat' dir='ltr'><strong>narrabo?</strong></span> <span class='ocrx_word' id='word_1_75' title='bbox 841 2718 961 2785; x_wconf 88' lang='lat' dir='ltr'><strong>Asinus</strong></span> <span class='ocrx_word' id='word_1_76' title='bbox 983 2718 1017 2785; x_wconf 92' lang='lat' dir='ltr'><strong>in</strong></span> <span class='ocrx_word' id='word_1_77' title='bbox 1041 2716 1169 2813; x_wconf 83' lang='lat' dir='ltr'><strong>tegulis.</strong></span> <span class='ocrx_word' id='word_1_78' title='bbox 1190 2718 1309 2805; x_wconf 85' lang='lat' dir='ltr'><strong>Quum</strong></span> 
     </span>
     <span class='ocr_line' id='line_1_13' title="bbox 267 2856 1308 2954; baseline 0.002 -27"><span class='ocrx_word' id='word_1_79' title='bbox 267 2857 376 2928; x_wconf 90' lang='lat' dir='ltr'><strong>adbuc</strong></span> <span class='ocrx_word' id='word_1_80' title='bbox 389 2856 562 2953; x_wconf 88' lang='lat' dir='ltr'><strong>capillatus</strong></span> <span class='ocrx_word' id='word_1_81' title='bbox 572 2884 674 2927; x_wconf 89' lang='lat' dir='ltr'><strong>essem</strong></span> <span class='ocrx_word' id='word_1_82' title='bbox 685 2858 813 2954; x_wconf 77' lang='lat' dir='ltr'><strong>(name</strong></span> <span class='ocrx_word' id='word_1_83' title='bbox 828 2884 932 2954; x_wconf 85' lang='lat' dir='ltr'><strong>puero</strong></span> <span class='ocrx_word' id='word_1_84' title='bbox 946 2861 1049 2929; x_wconf 82' lang='lat' dir='ltr'><strong>vitain</strong></span> <span class='ocrx_word' id='word_1_85' title='bbox 1058 2860 1168 2929; x_wconf 90' lang='lat' dir='ltr'><strong>chiam</strong></span> <span class='ocrx_word' id='word_1_86' title='bbox 1181 2862 1267 2953; x_wconf 82' lang='lat' dir='ltr'><strong>gessi</strong></span> <span class='ocrx_word' id='word_1_87' title='bbox 1277 2860 1308 2954; x_wconf 88' lang='lat'><strong>)‚</strong></span> 
     </span>
     <span class='ocr_line' id='line_1_14' title="bbox 267 3001 1390 3098; baseline 0.003 -29"><span class='ocrx_word' id='word_1_88' title='bbox 267 3002 360 3098; x_wconf 87' lang='lat' dir='ltr'><strong>Iphis</strong></span> <span class='ocrx_word' id='word_1_89' title='bbox 381 3005 488 3073; x_wconf 90' lang='lat' dir='ltr'><strong>nostri</strong></span> <span class='ocrx_word' id='word_1_90' title='bbox 507 3001 666 3073; x_wconf 89' lang='lat' dir='ltr'><strong>delicatus</strong></span> <span class='ocrx_word' id='word_1_91' title='bbox 688 3002 842 3091; x_wconf 85' lang='lat' dir='ltr'><strong>decessit,</strong></span> <span class='ocrx_word' id='word_1_92' title='bbox 863 3028 916 3075; x_wconf 83' lang='lat' dir='ltr'><strong>me</strong></span> <span class='ocrx_word' id='word_1_93' title='bbox 939 3002 1117 3075; x_wconf 85' lang='lat' dir='ltr'><strong>Hercules!</strong></span> <span class='ocrx_word' id='word_1_94' title='bbox 1145 3006 1309 3098; x_wconf 71' lang='lat' dir='ltr'><strong>margari-</strong></span> <span class='ocrx_word' id='word_1_95' title='bbox 1389 3046 1390 3049; x_wconf 61' lang='lat'><em>=</em></span> 
     </span>
     <span class='ocr_line' id='line_1_15' title="bbox 268 3146 1308 3241; baseline 0.002 -27"><span class='ocrx_word' id='word_1_96' title='bbox 268 3161 355 3241; x_wconf 85' lang='lat' dir='ltr'><strong>tum,</strong></span> <span class='ocrx_word' id='word_1_97' title='bbox 375 3147 543 3240; x_wconf 75' lang='lat' dir='ltr'><strong>egregius,</strong></span> <span class='ocrx_word' id='word_1_98' title='bbox 562 3162 595 3215; x_wconf 88' lang='lat' dir='ltr'><strong>et</strong></span> <span class='ocrx_word' id='word_1_99' title='bbox 613 3147 763 3214; x_wconf 88' lang='lat' dir='ltr'><strong>omnium</strong></span> <span class='ocrx_word' id='word_1_100' title='bbox 776 3146 967 3215; x_wconf 80' lang='lat' dir='ltr'><strong>numerdm.</strong></span> <span class='ocrx_word' id='word_1_101' title='bbox 989 3148 1104 3237; x_wconf 88' lang='lat' dir='ltr'><strong>Quum</strong></span> <span class='ocrx_word' id='word_1_102' title='bbox 1119 3172 1199 3241; x_wconf 81' lang='lat' dir='ltr'><strong>ergo</strong></span> <span class='ocrx_word' id='word_1_103' title='bbox 1211 3147 1308 3216; x_wconf 88' lang='lat' dir='ltr'><strong>illum</strong></span> 
     </span>
     <span class='ocr_line' id='line_1_16' title="bbox 267 3286 1389 3387; baseline 0.002 -29"><span class='ocrx_word' id='word_1_104' title='bbox 267 3304 372 3358; x_wconf 87' lang='lat' dir='ltr'><strong>mater</strong></span> <span class='ocrx_word' id='word_1_105' title='bbox 388 3287 513 3358; x_wconf 87' lang='lat' dir='ltr'><strong>misella</strong></span> <span class='ocrx_word' id='word_1_106' title='bbox 528 3286 715 3383; x_wconf 84' lang='lat' dir='ltr'><strong>plangeret,</strong></span> <span class='ocrx_word' id='word_1_107' title='bbox 737 3300 771 3356; x_wconf 90' lang='lat' dir='ltr'><strong>et</strong></span> <span class='ocrx_word' id='word_1_108' title='bbox 788 3312 852 3356; x_wconf 90' lang='lat' dir='ltr'><strong>nos·</strong></span> <span class='ocrx_word' id='word_1_109' title='bbox 871 3302 942 3357; x_wconf 89' lang='lat' dir='ltr'><strong>tum</strong></span> <span class='ocrx_word' id='word_1_110' title='bbox 959 3289 1071 3384; x_wconf 90' lang='lat' dir='ltr'><strong>plures</strong></span> <span class='ocrx_word' id='word_1_111' title='bbox 1095 3290 1130 3358; x_wconf 94' lang='lat' dir='ltr'><strong>in</strong></span> <span class='ocrx_word' id='word_1_112' title='bbox 1150 3292 1308 3362; x_wconf 82' lang='lat' dir='ltr'><strong>tristimo·</strong></span> <span class='ocrx_word' id='word_1_113' title='bbox 1388 3382 1389 3387; x_wconf 8' lang='grc' dir='ltr'>ἵ</span> 
     </span>
     <span class='ocr_line' id='line_1_17' title="bbox 268 3398 1389 3527; baseline 0.004 -27"><span class='ocrx_word' id='word_1_114' title='bbox 268 3433 325 3501; x_wconf 92' lang='lat' dir='ltr'><strong>nio</strong></span> <span class='ocrx_word' id='word_1_115' title='bbox 352 3455 517 3501; x_wconf 86' lang='lat' dir='ltr'><strong>essemus:</strong></span> <span class='ocrx_word' id='word_1_116' title='bbox 544 3430 654 3499; x_wconf 89' lang='lat' dir='ltr'><strong>subito</strong></span> <span class='ocrx_word' id='word_1_117' title='bbox 679 3431 790 3523; x_wconf 77' lang='lat' dir='ltr'><strong>strigae</strong></span> <span class='ocrx_word' id='word_1_118' title='bbox 813 3446 1005 3527; x_wconf 90' lang='lat' dir='ltr'><strong>eoeperunt,</strong></span> <span class='ocrx_word' id='word_1_119' title='bbox 1029 3446 1162 3527; x_wconf 86' lang='lat' dir='ltr'><strong>putares</strong></span> <span class='ocrx_word' id='word_1_120' title='bbox 1188 3458 1308 3523; x_wconf 87' lang='lat' dir='ltr'><strong>canem</strong></span> <span class='ocrx_word' id='word_1_121' title='bbox 1388 3398 1389 3415; x_wconf 29' lang='lat' dir='ltr'><strong>i</strong></span> 
     </span>
     <span class='ocr_line' id='line_1_18' title="bbox 268 3574 1309 3673; baseline 0 -28"><span class='ocrx_word' id='word_1_122' title='bbox 268 3577 413 3673; x_wconf 85' lang='lat' dir='ltr'><strong>leporem</strong></span> <span class='ocrx_word' id='word_1_123' title='bbox 436 3576 597 3672; x_wconf 80' lang='lat' dir='ltr'><strong>persequi.</strong></span> <span class='ocrx_word' id='word_1_124' title='bbox 621 3574 831 3647; x_wconf 85' lang='lat' dir='ltr'><strong>Habebamus</strong></span> <span class='ocrx_word' id='word_1_125' title='bbox 849 3590 929 3643; x_wconf 90' lang='lat' dir='ltr'><strong>tunc</strong></span> <span class='ocrx_word' id='word_1_126' title='bbox 948 3575 1116 3645; x_wconf 86' lang='lat' dir='ltr'><strong>hominem</strong></span> <span class='ocrx_word' id='word_1_127' title='bbox 1134 3577 1309 3673; x_wconf 85' lang='lat' dir='ltr'><strong>Cappado-</strong></span> 
     </span>
     <span class='ocr_line' id='line_1_19' title="bbox 268 3720 1388 3817; baseline -0.001 -23"><span class='ocrx_word' id='word_1_128' title='bbox 268 3748 358 3812; x_wconf 83' lang='lat' dir='ltr'><strong>cem,</strong></span> <span class='ocrx_word' id='word_1_129' title='bbox 376 3722 528 3817; x_wconf 85' lang='lat' dir='ltr'><strong>longum,</strong></span> <span class='ocrx_word' id='word_1_130' title='bbox 547 3720 644 3790; x_wconf 81' lang='lat' dir='ltr'><strong>valde</strong></span> <span class='ocrx_word' id='word_1_131' title='bbox 662 3720 880 3809; x_wconf 88' lang='lat' dir='ltr'><strong>audaculum,</strong></span> <span class='ocrx_word' id='word_1_132' title='bbox 906 3736 939 3790; x_wconf 92' lang='lat' dir='ltr'><strong>et</strong></span> <span class='ocrx_word' id='word_1_133' title='bbox 958 3723 1016 3815; x_wconf 93' lang='lat' dir='ltr'><strong>qui</strong></span> <span class='ocrx_word' id='word_1_134' title='bbox 1036 3722 1165 3793; x_wconf 87' lang='lat' dir='ltr'><strong>valebat</strong></span> <span class='ocrx_word' id='word_1_135' title='bbox 1189 3727 1307 3793; x_wconf 85' lang='lat' dir='ltr'><strong>Iovem</strong></span> <span class='ocrx_word' id='word_1_136' title='bbox 1367 3748 1388 3794; x_wconf 76' lang='lat'><strong>.⁴</strong></span> 
     </span>
     <span class='ocr_line' id='line_1_20' title="bbox 269 3865 1306 3971; baseline 0.001 -34"><span class='ocrx_word' id='word_1_137' title='bbox 269 3870 390 3971; x_wconf 88' lang='lat' dir='ltr'><strong>iratum</strong></span> <span class='ocrx_word' id='word_1_138' title='bbox 405 3866 529 3938; x_wconf 88' lang='lat' dir='ltr'><strong>tollere.</strong></span> <span class='ocrx_word' id='word_1_139' title='bbox 544 3868 608 3937; x_wconf 89' lang='lat' dir='ltr'><strong>Hic</strong></span> <span class='ocrx_word' id='word_1_140' title='bbox 621 3866 799 3953; x_wconf 85' lang='lat' dir='ltr'><strong>audacter,</strong></span> <span class='ocrx_word' id='word_1_141' title='bbox 815 3866 928 3935; x_wconf 88' lang='lat' dir='ltr'><strong>stricto</strong></span> <span class='ocrx_word' id='word_1_142' title='bbox 937 3865 1063 3959; x_wconf 85' lang='lat' dir='ltr'><strong>gladio,</strong></span> <span class='ocrx_word' id='word_1_143' title='bbox 1080 3883 1173 3937; x_wconf 88' lang='lat' dir='ltr'><strong>extra</strong></span> <span class='ocrx_word' id='word_1_144' title='bbox 1184 3870 1306 3938; x_wconf 90' lang='lat' dir='ltr'><strong>ostium</strong></span> 
     </span>
    </p>
   </div>
   <div class='ocr_carea' id='block_1_8' title="bbox 268 4008 1306 4107">
    <p class='ocr_par' dir='ltr' id='par_1_8' title="bbox 268 4008 1306 4107">
     <span class='ocr_line' id='line_1_21' title="bbox 268 4008 1306 4107; baseline -0.001 -26"><span class='ocrx_word' id='word_1_145' title='bbox 268 4013 499 4107; x_wconf 74' lang='lat' dir='ltr'><strong>praecucurrit,</strong></span> <span class='ocrx_word' id='word_1_146' title='bbox 516 4008 668 4079; x_wconf 83' lang='lat' dir='ltr'><strong>involuta</strong></span> <span class='ocrx_word' id='word_1_147' title='bbox 694 4033 795 4077; x_wconf 91' lang='lat' dir='ltr'><strong>manu</strong></span> <span class='ocrx_word' id='word_1_148' title='bbox 814 4010 945 4079; x_wconf 89' lang='lat' dir='ltr'><strong>sinistra</strong></span> <span class='ocrx_word' id='word_1_149' title='bbox 972 4012 1116 4098; x_wconf 83' lang='lat' dir='ltr'><strong>curiose,</strong></span> <span class='ocrx_word' id='word_1_150' title='bbox 1141 4028 1173 4081; x_wconf 92' lang='lat' dir='ltr'><strong>et</strong></span> <span class='ocrx_word' id='word_1_151' title='bbox 1189 4012 1306 4097; x_wconf 62' lang='lat' dir='ltr'><strong>medie-</strong></span> 
     </span>
    </p>
   </div>
   <div class='ocr_carea' id='block_1_9' title="bbox 0 0 1414 4684">
    <p class='ocr_par' dir='ltr' id='par_1_9' title="bbox 0 0 1414 4684">
     <span class='ocr_line' id='line_1_22' title="bbox 0 0 1414 4684; baseline 0 0"><span class='ocrx_word' id='word_1_152' title='bbox 0 0 1414 4684; x_wconf 95' lang='lat' dir='ltr'><strong> </strong></span> 
     </span>
    </p>
   </div>
  </div>
 </body>
</html>
