2817 4684
85 477 90 486 ι
167 401 170 404 ’
286 391 340 447 126
559 395 590 447 Τ.
615 393 798 450 PETRONIl
818 393 1045 450 sammon,

282 521 374 612 cipiti
398 544 514 611 gressu
539 544 735 606 accurrens,
762 518 928 608 Quartilla
958 521 1054 588 nobis
1073 520 1255 613 effugiendi
1280 522 1330 589 lo-
1387 521 1388 544 ³

284 679 360 723 cum
376 655 504 724 dederit
523 681 530 723 :
550 680 612 724 nec
629 680 744 742 mora;
765 657 884 724 celeres
902 658 937 724 in
961 657 1142 751 hospitium
1169 659 1329 751 pervola·

281 823 354 867 mus
373 812 540 886 nostrum,
563 814 597 866 et
613 797 798 897 continuo]
815 799 935 890 abjecti
954 801 989 866 in
1011 798 1102 868 lectis
1129 802 1200 869 sine
1229 817 1326 870 metu

282 939 443 1034 reliquam
476 944 642 1035 exegimus
673 957 815 1012 noctem.
843 940 1004 1039 [Postero
1033 943 1086 1011 die
1118 943 1329 1036 egredientes
1388 1035 1389 1044 ἵ

241 1064 244 1073 ’
269 1085 366 1153 duos
385 1111 425 1154 ex
436 1088 558 1154 nostris
574 1087 764 1180 raptoribus
777 1085 993 1173 offendimus,
1007 1111 1090 1180 quos
1100 1103 1138 1156 ut
1151 1091 1329 1182 conspexit

280 1229 445 1323 Ascyltos,
465 1229 606 1298 alterum
629 1231 778 1298 animose
793 1254 965 1323 aggressus
994 1246 1062 1317 est,
1081 1255 1147 1325 quo
1169 1233 1276 1319 victo,
1296 1248 1330 1301 et

281 1376 425 1466 graviter
448 1372 643 1460 vulnerato,
670 1374 751 1443 mihi
779 1374 920 1444 alterum
945 1377 1076 1467 urgenti
1101 1390 1221 1470 praesto
1246 1375 1328 1445 fuit.

280 1518 340 1587 llle
358 1543 436 1586 vero
454 1534 521 1588 tam
537 1535 670 1588 strenue
683 1520 876 1613 segerebat,
895 1535 933 1589 ut
946 1545 1009 1588 nos
1026 1523 1156 1606 ambos,
1174 1519 1330 1589 sedlevi-

283 1678 342 1750 ter,
358 1662 596 1750 vulneraverit,
611 1661 798 1756 illaesusque
812 1662 1001 1760 effugerit]
1020 1666 1165 1732 Venerat
1176 1665 1246 1757 jam
1266 1679 1332 1732 ter·
1389 1681 1390 1720 i

283 1809 348 1875 tius
374 1807 459 1895 dies,
485 1807 519 1875 id
540 1823 606 1894 est,
631 1809 831 1902 exspectatio
859 1808 968 1877 liberae
992 1793 1227 1906 coenaej[apud
1247 1812 1328 1876 Tri·
1389 1783 1390 1846 l

280 1951 501 2021 malchionem
513 1951 544 2049 3]
562 1951 618 2020 sed
636 1967 716 2020 tuuc
736 1951 927 2020 vulneribus
944 1951 1102 2020 confossis
1121 1951 1199 2044 fuga
1218 1955 1329 2044 magis

282 2093 449 2187 placebat,
467 2119 567 2187 quam
585 2096 688 2188 quies.
706 2097 823 2187 Itaque
845 2091 857 2189 [
875 2097 910 2162 in
927 2093 1144 2162 diversorium
1166 2097 1329 2164 citissime

282 2237 430 2325 abimus,
451 2253 499 2324 et,
513 2236 603 2305 haud
624 2235 688 2304 alte
704 2237 885 2324 vulnerati,
908 2240 942 2305 in
963 2238 1046 2307 lecto
1068 2237 1180 2333 plagas
1202 2238 1278 2308 oleo
1294 2259 1331 2308 et

282 2386 362 2451 vino
383 2383 561 2452 medemur.
581 2365 709 2475 Raptor
728 2399 840 2452 tamen
859 2382 1041 2452 debellatus
1061 2384 1154 2453 humi
1173 2387 1327 2478 jacebat,

281 2545 314 2598 et
337 2554 380 2597 ne
400 2553 664 2621 agnosceremur,
688 2504 921 2624 timebamus]
941 2531 1058 2620 Itaque
1084 2552 1188 2620 quum
1216 2533 1329 2598 moesti
1390 2539 1391 2544 ’

280 2673 557 2760 deliberaremus,
582 2697 729 2766 quonam
757 2696 876 2764 genere
902 2685 1097 2765 presentem
1126 2673 1330 2740 evitaremus

283 2818 479 2914 procellam,
499 2843 585 2885 unus
605 2842 718 2886 servus
740 2817 999 2908 Agamemnonis
1018 2813 1241 2908 interpellavit
1263 2831 1330 2884 tre-

237 3057 240 3064 ,
281 2964 433 3059 pidantes
452 2991 460 3032 :
476 2978 524 3050 et,
536 3004 580 3018 -
591 2960 706 3050 Quid?
722 2987 798 3050 vos,
817 2962 948 3054 inquit,
962 2961 1109 3047 nescitis,
1124 2933 1223 3030 hodie
1234 2963 1328 3056 apud

282 3133 382 3201 quem
402 3108 482 3176 liat?
508 3104 728 3190 Trimalchio,
748 3102 949 3172 lautissimus
966 3103 1087 3191 homo,
1112 3103 1327 3198 horologium

279 3254 313 3318 in
340 3251 502 3337 triclinio,
535 3265 567 3318 et
596 3250 844 3316 buccinatorcm
874 3247 974 3314 babet
1003 3248 1243 3335 subornatum,
1275 3253 1326 3317 uti

280 3395 420 3463 subinde
438 3396 537 3479 sciat,
556 3406 720 3486 quantum
734 3391 775 3459 de
791 3392 860 3458 vita
879 3390 1068 3485 perdiderit.
1081 3433 1124 3448 -
1138 3393 1325 3460 Amicimur

279 3565 357 3633 ergo
380 3539 573 3638 diligenter,
597 3536 694 3606 obliti
711 3538 860 3605 omnium
883 3535 1061 3623 malorum,
1075 3551 1108 3605 et
1125 3538 1263 3624 Gitona,
1281 3537 1324 3604 li·

278 3687 467 3755 bentissime
484 3682 602 3752 servile
619 3681 765 3750 officium
786 3695 931 3756 tuentem
951 3705 1055 3773 usque
1071 3673 1156 3767 hoc,
1166 3682 1325 3773 jubemus

279 3833 314 3898 in
333 3829 452 3898 balneo
468 3830 570 3920 sequi.
