2817 4684
228 409 283 475 234
502 410 535 465 T.
555 410 738 467 Pmoun
757 408 980 466 smulcou.

229 536 375 603 intravit.
394 539 481 627 Ego,
494 537 665 628 majestate
679 538 898 622 conterritus,
913 551 1088 629 praetorem
1107 538 1275 629 putabam

227 681 364 748 venisse.
383 684 500 773 Itaque
517 681 642 748 tentavi
658 704 848 773 assurgere,
866 695 899 750 et
916 680 1024 749 nudos
1039 680 1140 774 pedes.
1152 682 1188 747 in
1206 694 1274 747 ter·
1389 680 1390 753 ἶ

226 849 298 893 ram
312 823 448 893 deferre.
469 826 555 893 Risit
573 825 659 893 hanc
679 823 933 919 trepidationem
950 828 1200 917 Agamemnon,
1219 840 1272 911 et,
1389 810 1390 887 l

133 1039 136 1045 ,
227 1011 275 1022 -
291 971 437 1039 Contine
448 984 498 1057 te,
513 971 645 1063 inquit,
663 969 765 1039 homo
781 968 981 1039 stultissime.
995 970 1168 1041 Habinnas
1181 971 1273 1039 sevir
1389 950 1390 997 3

225 1126 292 1199 est,
310 1112 465 1206 idemque
481 1112 678 1206 lapidarius,
690 1115 749 1205 qui
762 1113 895 1182 videtur
907 1094 1124 1188 monumenta
1142 1114 1276 1209 optime·

227 1255 343 1324 facere.
357 1297 405 1309 -
421 1260 599 1325 Recreatus
611 1256 675 1324 hoc
687 1281 855 1342 sermone,
873 1258 1006 1351 reposui
1017 1256 1183 1342 cubitum,
1200 1260 1271 1324 Ha-

228 1401 432 1494 binnamque
452 1403 631 1470 intrantem
654 1426 730 1475 cum
750 1400 970 1471 admiratione
989 1404 1117 1495 ingenti
1137 1416 1271 1495 specta·

228 1546 315 1613 ham.
333 1544 394 1614 Ille
412 1559 542 1632 autem,
558 1545 629 1636 jam
651 1546 784 1631 ebrius,
804 1548 917 1619 luroris
942 1570 1008 1621 suae
1036 1546 1183 1618 humeris
1209 1548 1276 1622 im..
1389 1638 1390 1645 ἵ

227 1705 382 1785 posuerat
405 1715 544 1775 manus,
574 1704 798 1782 oneratusque
819 1687 946 1781 aliquot
974 1692 1127 1777 coronis,
1151 1705 1184 1758 et
1208 1715 1274 1757 un»-

226 1846 350 1927 gue'nto
371 1860 429 1927 per
448 1832 591 1901 frontem
610 1836 644 1900 in
664 1832 778 1901 oculos
795 1832 937 1918 fluente,
964 1834 1121 1927 praetorio
1143 1831 1218 1901 loco
1236 1858 1280 1899 se·

226 1981 356 2072 posuit,
371 1980 598 2071 continuoque
615 1980 731 2047 vinum
746 1992 779 2047 et
790 1976 918 2047 caldam
936 1978 1099 2073 poposcit.
1117 1975 1272 2047 Delecta-

228 2139 281 2193 tus
298 2124 361 2191 hac
377 2122 580 2192 Trimalchio
598 2120 781 2208 hilaritate,
803 2137 836 2189 et
855 2123 924 2214 ipse
940 2123 1147 2215 capaciorem
1166 2143 1273 2215 popo-

227 2268 288 2334 scit
298 2266 477 2359 scyphum,
495 2265 732 2358 quaesivitque,
744 2262 913 2356 quomodo
931 2278 1086 2357 acceptus
1099 2262 1204 2331 esset?
1223 2304 1272 2315 —-

229 2411 367 2497 Omnia,
383 2386 513 2503 inquit,
527 2409 705 2477 habuimus
720 2422 839 2503 praeter
853 2423 904 2495 te,
918 2406 1006 2476 oculi
1026 2409 1115 2476 enim
1132 2409 1199 2476 mei
1215 2408 1271 2475 hic

228 2572 343 2627 erant:
360 2571 473 2644 et,me
489 2552 660 2625 Hercules!
682 2554 767 2623 bene
782 2552 856 2621 suit.
873 2554 980 2623 Scissa
995 2551 1118 2645 lautam
1131 2578 1271 2627 novem-

228 2698 349 2768 dialem
370 2723 465 2767 servo
484 2722 546 2767 suo
562 2695 695 2765 Misello
710 2695 872 2781 faciebat,
897 2718 995 2788 quem
1015 2708 1185 2765 mortuum
1205 2718 1274 2763 ma·

180 2816 183 2826 ·
232 2845 431 2912 numiscrat:
452 2856 501 2932 et,
518 2855 621 2935 puto,
639 2865 716 2909 cum
735 2840 949 2907 vicesimanis
965 2862 1121 2931 magnam
1139 2840 1274 2909 mantis-

187 3008 189 3013 ·
234 3014 304 3058 sam
324 2988 433 3056 habet.
453 2986 710 3079 Quinquaginta
728 2986 816 3053 enim
838 2982 984 3052 millibus
1003 2985 1168 3052 aestimant
1187 3009 1273 3052 mor-

235 3140 349 3224 tuum]
370 3130 435 3202 Sed
464 3146 573 3199 tamen
603 3131 748 3199 suaviter
773 3128 853 3216 fuit,
879 3130 1007 3198 etiamsi
1033 3132 1139 3199 coacti
1159 3156 1272 3199 sumus

232 3281 384 3351 dimidias
404 3282 555 3376 potiones
572 3300 671 3374 super
688 3277 830 3347 ossicula
847 3278 917 3369 ejus
936 3276 1118 3346 effundere.
