<?xml version="1.0" encoding="UTF-8"?>
<!DOCTYPE html PUBLIC "-//W3C//DTD XHTML 1.0 Transitional//EN"
    "http://www.w3.org/TR/xhtml1/DTD/xhtml1-transitional.dtd">
<html xmlns="http://www.w3.org/1999/xhtml" xml:lang="en" lang="en">
 <head>
  <title>
</title>
<meta http-equiv="Content-Type" content="text/html;charset=utf-8" />
  <meta name='ocr-system' content='tesseract 3.04.00' />
  <meta name='ocr-capabilities' content='ocr_page ocr_carea ocr_par ocr_line ocrx_word'/>
</head>
<body>
  <div class='ocr_page' id='page_1' title='image "./lesatyricondetp00conggoog_0105.png"; bbox 0 0 2817 4684; ppageno 0'>
   <div class='ocr_carea' id='block_1_1' title="bbox 262 421 1017 491">
    <p class='ocr_par' dir='ltr' id='par_1_1' title="bbox 262 421 1017 491">
     <span class='ocr_line' id='line_1_1' title="bbox 262 421 1017 491; baseline 0.011 -20"><span class='ocrx_word' id='word_1_1' title='bbox 262 436 302 491; x_wconf 77' lang='lat'><strong>9²</strong></span> <span class='ocrx_word' id='word_1_2' title='bbox 539 423 571 475; x_wconf 89' lang='lat' dir='ltr'><strong>T.</strong></span> <span class='ocrx_word' id='word_1_3' title='bbox 593 421 774 478; x_wconf 81' lang='lat' dir='ltr'>PETRONH</span> <span class='ocrx_word' id='word_1_4' title='bbox 796 421 1017 479; x_wconf 80' lang='lat' dir='ltr'><strong>SATYlllCON.</strong></span> 
     </span>
    </p>
   </div>
   <div class='ocr_carea' id='block_1_2' title="bbox 264 537 1391 644">
    <p class='ocr_par' dir='ltr' id='par_1_2' title="bbox 264 537 1391 644">
     <span class='ocr_line' id='line_1_2' title="bbox 264 537 1391 644; baseline 0.006 -31"><span class='ocrx_word' id='word_1_5' title='bbox 264 548 310 613; x_wconf 92' lang='lat' dir='ltr'><strong>ita</strong></span> <span class='ocrx_word' id='word_1_6' title='bbox 330 572 391 615; x_wconf 91' lang='lat' dir='ltr'><strong>nos</strong></span> <span class='ocrx_word' id='word_1_7' title='bbox 415 549 552 636; x_wconf 89' lang='lat' dir='ltr'><strong>invasit,</strong></span> <span class='ocrx_word' id='word_1_8' title='bbox 579 564 617 617; x_wconf 92' lang='lat' dir='ltr'><strong>ut</strong></span> <span class='ocrx_word' id='word_1_9' title='bbox 633 547 804 644; x_wconf 83' lang='lat' dir='ltr'><strong>Ascyltos,</strong></span> <span class='ocrx_word' id='word_1_10' title='bbox 824 552 1015 643; x_wconf 88' lang='lat' dir='ltr'><strong>Gitonque,</strong></span> <span class='ocrx_word' id='word_1_11' title='bbox 1035 537 1220 620; x_wconf 80' lang='lat' dir='ltr'><strong>sectindum</strong></span> <span class='ocrx_word' id='word_1_12' title='bbox 1242 549 1310 619; x_wconf 88' lang='lat' dir='ltr'><strong>du·</strong></span> <span class='ocrx_word' id='word_1_13' title='bbox 1390 565 1391 644; x_wconf 60' lang='lat' dir='ltr'>j</span> 
     </span>
    </p>
   </div>
   <div class='ocr_carea' id='block_1_3' title="bbox 264 667 1310 786">
    <p class='ocr_par' dir='ltr' id='par_1_3' title="bbox 264 667 1391 796">
     <span class='ocr_line' id='line_1_3' title="bbox 264 667 1310 786; baseline 0.004 -29"><span class='ocrx_word' id='word_1_14' title='bbox 264 715 336 758; x_wconf 88' lang='lat' dir='ltr'><strong>mos</strong></span> <span class='ocrx_word' id='word_1_15' title='bbox 354 691 397 758; x_wconf 90' lang='lat' dir='ltr'><strong>ad</strong></span> <span class='ocrx_word' id='word_1_16' title='bbox 421 667 536 760; x_wconf 72' lang='lat' dir='ltr'><strong>urlaem</strong></span> <span class='ocrx_word' id='word_1_17' title='bbox 553 691 720 786; x_wconf 83' lang='lat' dir='ltr'>fugerint:</span> <span class='ocrx_word' id='word_1_18' title='bbox 739 717 800 786; x_wconf 84' lang='lat' dir='ltr'><strong>ego</strong></span> <span class='ocrx_word' id='word_1_19' title='bbox 814 717 893 761; x_wconf 92' lang='lat' dir='ltr'><strong>vero</strong></span> <span class='ocrx_word' id='word_1_20' title='bbox 916 707 1008 762; x_wconf 80' lang='lat' dir='ltr'><strong>tanta</strong></span> <span class='ocrx_word' id='word_1_21' title='bbox 1024 693 1233 762; x_wconf 85' lang='lat' dir='ltr'><strong>festinatione</strong></span> <span class='ocrx_word' id='word_1_22' title='bbox 1254 719 1310 762; x_wconf 78' lang='lat' dir='ltr'><strong>re·</strong></span> 
     </span>
    </p>
   </div>
   <div class='ocr_carea' id='block_1_4' title="bbox 261 831 1391 932">
    <p class='ocr_par' dir='ltr' id='par_1_4' title="bbox 261 831 1391 932">
     <span class='ocr_line' id='line_1_4' title="bbox 261 831 1391 932; baseline 0.005 -32"><span class='ocrx_word' id='word_1_23' title='bbox 261 832 343 901; x_wconf 79' lang='lat' dir='ltr'><strong>duxi</strong></span> <span class='ocrx_word' id='word_1_24' title='bbox 363 835 526 927; x_wconf 82' lang='lat' dir='ltr'><strong>gradum,</strong></span> <span class='ocrx_word' id='word_1_25' title='bbox 547 851 585 904; x_wconf 93' lang='lat' dir='ltr'><strong>ut</strong></span> <span class='ocrx_word' id='word_1_26' title='bbox 611 862 651 905; x_wconf 81' lang='lat' dir='ltr'><strong>ex</strong></span> <span class='ocrx_word' id='word_1_27' title='bbox 667 837 834 922; x_wconf 89' lang='lat' dir='ltr'><strong>humeris,</strong></span> <span class='ocrx_word' id='word_1_28' title='bbox 854 862 907 905; x_wconf 91' lang='lat' dir='ltr'><strong>me</strong></span> <span class='ocrx_word' id='word_1_29' title='bbox 932 863 1000 907; x_wconf 92' lang='lat' dir='ltr'><strong>non</strong></span> <span class='ocrx_word' id='word_1_30' title='bbox 1023 838 1202 924; x_wconf 83' lang='lat' dir='ltr'><strong>sentiente,</strong></span> <span class='ocrx_word' id='word_1_31' title='bbox 1232 864 1310 932; x_wconf 90' lang='lat' dir='ltr'><strong>pre·</strong></span> <span class='ocrx_word' id='word_1_32' title='bbox 1390 831 1391 846; x_wconf 47' lang='lat'>¹</span> 
     </span>
    </p>
   </div>
   <div class='ocr_carea' id='block_1_5' title="bbox 264 979 1391 1072">
    <p class='ocr_par' dir='ltr' id='par_1_5' title="bbox 264 979 1391 1072">
     <span class='ocr_line' id='line_1_5' title="bbox 264 979 1391 1072; baseline 0.008 -27"><span class='ocrx_word' id='word_1_33' title='bbox 264 980 347 1046; x_wconf 83' lang='lat' dir='ltr'><strong>tiosa</strong></span> <span class='ocrx_word' id='word_1_34' title='bbox 373 980 486 1048; x_wconf 90' lang='lat' dir='ltr'><strong>tunica</strong></span> <span class='ocrx_word' id='word_1_35' title='bbox 517 979 701 1049; x_wconf 81' lang='lat' dir='ltr'><strong>ceciderit:</strong></span> <span class='ocrx_word' id='word_1_36' title='bbox 724 980 893 1072; x_wconf 80' lang='lat' dir='ltr'><strong>fessusque</strong></span> <span class='ocrx_word' id='word_1_37' title='bbox 917 980 1075 1067; x_wconf 89' lang='lat' dir='ltr'><strong>tandem,</strong></span> <span class='ocrx_word' id='word_1_38' title='bbox 1105 997 1139 1052; x_wconf 90' lang='lat' dir='ltr'><strong>et</strong></span> <span class='ocrx_word' id='word_1_39' title='bbox 1165 980 1310 1051; x_wconf 88' lang='lat' dir='ltr'><strong>ulterius</strong></span> <span class='ocrx_word' id='word_1_40' title='bbox 1390 991 1391 1054; x_wconf 76' lang='lat'><em>3</em></span> 
     </span>
    </p>
   </div>
   <div class='ocr_carea' id='block_1_6' title="bbox 263 1122 1307 1216">
    <p class='ocr_par' dir='ltr' id='par_1_6' title="bbox 263 1122 1307 1216">
     <span class='ocr_line' id='line_1_6' title="bbox 263 1122 1307 1216; baseline 0.004 -28"><span class='ocrx_word' id='word_1_41' title='bbox 263 1122 419 1214; x_wconf 80' lang='lat' dir='ltr'><strong>ptogredi</strong></span> <span class='ocrx_word' id='word_1_42' title='bbox 448 1122 629 1216; x_wconf 86' lang='lat' dir='ltr'><strong>impotens,</strong></span> <span class='ocrx_word' id='word_1_43' title='bbox 656 1124 719 1192; x_wconf 88' lang='lat' dir='ltr'><strong>sub</strong></span> <span class='ocrx_word' id='word_1_44' title='bbox 743 1125 888 1216; x_wconf 81' lang='lat' dir='ltr'><strong>tegmine</strong></span> <span class='ocrx_word' id='word_1_45' title='bbox 911 1125 1039 1192; x_wconf 87' lang='lat' dir='ltr'><strong>arboris</strong></span> <span class='ocrx_word' id='word_1_46' title='bbox 1067 1125 1224 1210; x_wconf 87' lang='lat' dir='ltr'><strong>recubui,</strong></span> <span class='ocrx_word' id='word_1_47' title='bbox 1246 1126 1307 1193; x_wconf 89' lang='lat' dir='ltr'><strong>ubi</strong></span> 
     </span>
    </p>
   </div>
   <div class='ocr_carea' id='block_1_7' title="bbox 262 1266 1310 1358">
    <p class='ocr_par' dir='ltr' id='par_1_7' title="bbox 262 1266 1310 1358">
     <span class='ocr_line' id='line_1_7' title="bbox 262 1266 1310 1358; baseline 0.002 -26"><span class='ocrx_word' id='word_1_48' title='bbox 262 1267 406 1358; x_wconf 86' lang='lat' dir='ltr'><strong>primum</strong></span> <span class='ocrx_word' id='word_1_49' title='bbox 423 1266 588 1357; x_wconf 85' lang='lat' dir='ltr'><strong>jacturam</strong></span> <span class='ocrx_word' id='word_1_50' title='bbox 604 1269 725 1335; x_wconf 81' lang='lat' dir='ltr'><strong>tunicae</strong></span> <span class='ocrx_word' id='word_1_51' title='bbox 743 1270 866 1336; x_wconf 88' lang='lat' dir='ltr'><strong>notavi.</strong></span> <span class='ocrx_word' id='word_1_52' title='bbox 884 1269 972 1336; x_wconf 90' lang='lat' dir='ltr'><strong>Tum</strong></span> <span class='ocrx_word' id='word_1_53' title='bbox 990 1267 1085 1335; x_wconf 92' lang='lat' dir='ltr'><strong>dolor</strong></span> <span class='ocrx_word' id='word_1_54' title='bbox 1104 1268 1188 1336; x_wconf 89' lang='lat' dir='ltr'><strong>vires</strong></span> <span class='ocrx_word' id='word_1_55' title='bbox 1209 1269 1310 1336; x_wconf 88' lang='lat' dir='ltr'><strong>resti·</strong></span> 
     </span>
    </p>
   </div>
   <div class='ocr_carea' id='block_1_8' title="bbox 262 1409 1307 1506">
    <p class='ocr_par' dir='ltr' id='par_1_8' title="bbox 262 1409 1307 1506">
     <span class='ocr_line' id='line_1_8' title="bbox 262 1409 1307 1506; baseline 0.003 -31"><span class='ocrx_word' id='word_1_56' title='bbox 262 1409 345 1495; x_wconf 89' lang='lat' dir='ltr'><strong>tuit,</strong></span> <span class='ocrx_word' id='word_1_57' title='bbox 376 1410 567 1503; x_wconf 87' lang='lat' dir='ltr'><strong>surrexique</strong></span> <span class='ocrx_word' id='word_1_58' title='bbox 596 1410 639 1478; x_wconf 88' lang='lat' dir='ltr'><strong>ad</strong></span> <span class='ocrx_word' id='word_1_59' title='bbox 663 1411 854 1480; x_wconf 89' lang='lat' dir='ltr'><strong>thesaurum</strong></span> <span class='ocrx_word' id='word_1_60' title='bbox 879 1411 1158 1506; x_wconf 88' lang='lat' dir='ltr'><strong>perquirendum,</strong></span> <span class='ocrx_word' id='word_1_61' title='bbox 1185 1424 1219 1478; x_wconf 89' lang='lat' dir='ltr'><strong>et</strong></span> <span class='ocrx_word' id='word_1_62' title='bbox 1244 1411 1307 1478; x_wconf 92' lang='lat' dir='ltr'><strong>din</strong></span> 
     </span>
    </p>
   </div>
   <div class='ocr_carea' id='block_1_9' title="bbox 156 1551 1308 1648">
    <p class='ocr_par' dir='ltr' id='par_1_9' title="bbox 156 1551 1391 1658">
     <span class='ocr_line' id='line_1_9' title="bbox 156 1551 1308 1648; baseline 0.001 -27"><span class='ocrx_word' id='word_1_63' title='bbox 156 1633 160 1638; x_wconf 37' lang='grc'><em>,</em></span> <span class='ocrx_word' id='word_1_64' title='bbox 262 1551 385 1620; x_wconf 88' lang='lat' dir='ltr'><strong>frustra</strong></span> <span class='ocrx_word' id='word_1_65' title='bbox 396 1553 554 1640; x_wconf 84' lang='lat' dir='ltr'><strong>discurri,</strong></span> <span class='ocrx_word' id='word_1_66' title='bbox 567 1553 673 1622; x_wconf 90' lang='lat' dir='ltr'><strong>donec</strong></span> <span class='ocrx_word' id='word_1_67' title='bbox 683 1552 796 1626; x_wconf 87' lang='lat' dir='ltr'><strong>labore</strong></span> <span class='ocrx_word' id='word_1_68' title='bbox 808 1556 1009 1648; x_wconf 83' lang='lat' dir='ltr'><strong>tristitiaque</strong></span> <span class='ocrx_word' id='word_1_69' title='bbox 1023 1556 1156 1624; x_wconf 86' lang='lat' dir='ltr'><strong>attritus</strong></span> <span class='ocrx_word' id='word_1_70' title='bbox 1168 1557 1204 1624; x_wconf 91' lang='lat' dir='ltr'><strong>in</strong></span> <span class='ocrx_word' id='word_1_71' title='bbox 1212 1569 1308 1624; x_wconf 86' lang='lat' dir='ltr'><strong>tene·</strong></span> 
     </span>
    </p>
   </div>
   <div class='ocr_carea' id='block_1_10' title="bbox 158 1695 1308 1798">
    <p class='ocr_par' dir='ltr' id='par_1_10' title="bbox 158 1693 1391 1798">
     <span class='ocr_line' id='line_1_10' title="bbox 158 1695 1308 1798; baseline -0.013 -30"><span class='ocrx_word' id='word_1_72' title='bbox 158 1794 161 1798; x_wconf 90' lang='lat'>.</span> <span class='ocrx_word' id='word_1_73' title='bbox 263 1695 392 1774; x_wconf 76' lang='lat' dir='ltr'><strong>brosius</strong></span> <span class='ocrx_word' id='word_1_74' title='bbox 411 1699 555 1766; x_wconf 89' lang='lat' dir='ltr'><strong>nemoris</strong></span> <span class='ocrx_word' id='word_1_75' title='bbox 569 1696 745 1766; x_wconf 80' lang='lat' dir='ltr'><strong>latibulum</strong></span> <span class='ocrx_word' id='word_1_76' title='bbox 763 1699 953 1793; x_wconf 85' lang='lat' dir='ltr'><strong>penetravi,</strong></span> <span class='ocrx_word' id='word_1_77' title='bbox 974 1699 1031 1766; x_wconf 89' lang='lat' dir='ltr'><strong>ubi</strong></span> <span class='ocrx_word' id='word_1_78' title='bbox 1052 1711 1196 1792; x_wconf 85' lang='lat' dir='ltr'><strong>quatuor</strong></span> <span class='ocrx_word' id='word_1_79' title='bbox 1212 1698 1308 1765; x_wconf 78' lang='lat' dir='ltr'><strong>horis</strong></span> 
     </span>
    </p>
   </div>
   <div class='ocr_carea' id='block_1_11' title="bbox 261 1835 1391 1936">
    <p class='ocr_par' dir='ltr' id='par_1_11' title="bbox 261 1835 1391 1936">
     <span class='ocr_line' id='line_1_11' title="bbox 261 1835 1391 1936; baseline -0.004 -26"><span class='ocrx_word' id='word_1_80' title='bbox 261 1855 502 1930; x_wconf 84' lang='lat' dir='ltr'><strong>commoratus,</strong></span> <span class='ocrx_word' id='word_1_81' title='bbox 531 1855 564 1910; x_wconf 90' lang='lat' dir='ltr'><strong>et</strong></span> <span class='ocrx_word' id='word_1_82' title='bbox 590 1843 624 1910; x_wconf 94' lang='lat' dir='ltr'><strong>in</strong></span> <span class='ocrx_word' id='word_1_83' title='bbox 653 1857 721 1910; x_wconf 90' lang='lat' dir='ltr'><strong>tam</strong></span> <span class='ocrx_word' id='word_1_84' title='bbox 749 1841 933 1936; x_wconf 58' lang='lat' dir='ltr'><strong>horrenda}</strong></span> <span class='ocrx_word' id='word_1_85' title='bbox 944 1840 1123 1911; x_wconf 85' lang='lat' dir='ltr'><strong>solitudine</strong></span> <span class='ocrx_word' id='word_1_86' title='bbox 1147 1857 1307 1928; x_wconf 87' lang='lat' dir='ltr'><strong>moestus,</strong></span> <span class='ocrx_word' id='word_1_87' title='bbox 1390 1835 1391 1906; x_wconf 87' lang='lat' dir='ltr'><strong>l</strong></span> 
     </span>
    </p>
   </div>
   <div class='ocr_carea' id='block_1_12' title="bbox 172 1971 1391 2080">
    <p class='ocr_par' dir='ltr' id='par_1_12' title="bbox 172 1971 1391 2080">
     <span class='ocr_line' id='line_1_12' title="bbox 172 1971 1391 2080; baseline 0.005 -28"><span class='ocrx_word' id='word_1_88' title='bbox 172 2001 174 2014; x_wconf 76' lang='lat'>¹</span> <span class='ocrx_word' id='word_1_89' title='bbox 262 1986 386 2053; x_wconf 85' lang='lat' dir='ltr'><strong>exitum</strong></span> <span class='ocrx_word' id='word_1_90' title='bbox 405 1987 541 2078; x_wconf 84' lang='lat' dir='ltr'><strong>quaesivi</strong></span> <span class='ocrx_word' id='word_1_91' title='bbox 561 2012 568 2052; x_wconf 75' lang='grc' dir='ltr'>ε</span> <span class='ocrx_word' id='word_1_92' title='bbox 586 1985 642 2054; x_wconf 86' lang='lat' dir='ltr'><strong>sed</strong></span> <span class='ocrx_word' id='word_1_93' title='bbox 657 1985 840 2080; x_wconf 87' lang='lat' dir='ltr'><strong>procedens</strong></span> <span class='ocrx_word' id='word_1_94' title='bbox 854 1986 1015 2054; x_wconf 90' lang='lat' dir='ltr'><strong>rusticum</strong></span> <span class='ocrx_word' id='word_1_95' title='bbox 1031 1984 1209 2078; x_wconf 87' lang='lat' dir='ltr'><strong>quemdam</strong></span> <span class='ocrx_word' id='word_1_96' title='bbox 1224 2011 1308 2053; x_wconf 90' lang='lat' dir='ltr'><strong>con·</strong></span> <span class='ocrx_word' id='word_1_97' title='bbox 1390 1971 1391 2058; x_wconf 67' lang='lat' dir='ltr'><strong>l</strong></span> 
     </span>
    </p>
   </div>
   <div class='ocr_carea' id='block_1_13' title="bbox 264 2127 1391 2223">
    <p class='ocr_par' dir='ltr' id='par_1_13' title="bbox 264 2127 1391 2223">
     <span class='ocr_line' id='line_1_13' title="bbox 264 2127 1391 2223; baseline 0 -27"><span class='ocrx_word' id='word_1_98' title='bbox 264 2132 354 2222; x_wconf 82' lang='lat' dir='ltr'><strong>spexi</strong></span> <span class='ocrx_word' id='word_1_99' title='bbox 375 2155 382 2196; x_wconf 94' lang='lat'>:</span> <span class='ocrx_word' id='word_1_100' title='bbox 402 2144 482 2198; x_wconf 90' lang='lat' dir='ltr'><strong>tunc</strong></span> <span class='ocrx_word' id='word_1_101' title='bbox 495 2131 588 2198; x_wconf 92' lang='lat' dir='ltr'><strong>omni</strong></span> <span class='ocrx_word' id='word_1_102' title='bbox 601 2131 788 2200; x_wconf 81' lang='lat' dir='ltr'><strong>constantia</strong></span> <span class='ocrx_word' id='word_1_103' title='bbox 801 2128 883 2197; x_wconf 87' lang='lat' dir='ltr'><strong>milri</strong></span> <span class='ocrx_word' id='word_1_104' title='bbox 898 2153 983 2223; x_wconf 86' lang='lat' dir='ltr'><strong>opus</strong></span> <span class='ocrx_word' id='word_1_105' title='bbox 1000 2127 1084 2215; x_wconf 88' lang='lat' dir='ltr'><strong>fuit;</strong></span> <span class='ocrx_word' id='word_1_106' title='bbox 1104 2153 1165 2200; x_wconf 87' lang='lat' dir='ltr'><strong>nec</strong></span> <span class='ocrx_word' id='word_1_107' title='bbox 1179 2127 1304 2198; x_wconf 89' lang='lat' dir='ltr'><strong>defuit:</strong></span> <span class='ocrx_word' id='word_1_108' title='bbox 1390 2201 1391 2220; x_wconf 47' lang='lat'><strong>,</strong></span> 
     </span>
    </p>
   </div>
   <div class='ocr_carea' id='block_1_14' title="bbox 263 2277 1391 2370">
    <p class='ocr_par' dir='ltr' id='par_1_14' title="bbox 263 2277 1391 2370">
     <span class='ocr_line' id='line_1_14' title="bbox 263 2277 1391 2370; baseline 0.001 -25"><span class='ocrx_word' id='word_1_109' title='bbox 263 2277 419 2346; x_wconf 84' lang='lat' dir='ltr'><strong>audacter</strong></span> <span class='ocrx_word' id='word_1_110' title='bbox 442 2279 484 2346; x_wconf 91' lang='lat' dir='ltr'><strong>ad</strong></span> <span class='ocrx_word' id='word_1_111' title='bbox 504 2277 596 2346; x_wconf 92' lang='lat' dir='ltr'><strong>illum</strong></span> <span class='ocrx_word' id='word_1_112' title='bbox 618 2287 811 2370; x_wconf 76' lang='lat' dir='ltr'><strong>progressus</strong></span> <span class='ocrx_word' id='word_1_113' title='bbox 837 2303 931 2364; x_wconf 89' lang='lat' dir='ltr'><strong>sum,</strong></span> <span class='ocrx_word' id='word_1_114' title='bbox 950 2293 1001 2364; x_wconf 91' lang='lat' dir='ltr'><strong>et,</strong></span> <span class='ocrx_word' id='word_1_115' title='bbox 1027 2303 1094 2370; x_wconf 85' lang='lat' dir='ltr'><strong>qua</strong></span> <span class='ocrx_word' id='word_1_116' title='bbox 1122 2277 1165 2345; x_wconf 89' lang='lat' dir='ltr'><strong>ad</strong></span> <span class='ocrx_word' id='word_1_117' title='bbox 1185 2279 1306 2346; x_wconf 91' lang='lat' dir='ltr'><strong>urbem</strong></span> <span class='ocrx_word' id='word_1_118' title='bbox 1390 2291 1391 2328; x_wconf 71' lang='lat'>³</span> 
     </span>
    </p>
   </div>
   <div class='ocr_carea' id='block_1_15' title="bbox 263 2423 1306 2522">
    <p class='ocr_par' dir='ltr' id='par_1_15' title="bbox 263 2423 1391 2522">
     <span class='ocr_line' id='line_1_15' title="bbox 263 2423 1306 2522; baseline -0.001 -27"><span class='ocrx_word' id='word_1_119' title='bbox 263 2429 377 2512; x_wconf 90' lang='lat' dir='ltr'><strong>iretur,</strong></span> <span class='ocrx_word' id='word_1_120' title='bbox 398 2429 497 2522; x_wconf 92' lang='lat' dir='ltr'><strong>petii,</strong></span> <span class='ocrx_word' id='word_1_121' title='bbox 515 2453 722 2521; x_wconf 88' lang='lat' dir='ltr'><strong>conquerens</strong></span> <span class='ocrx_word' id='word_1_122' title='bbox 747 2428 878 2497; x_wconf 90' lang='lat' dir='ltr'><strong>medin</strong></span> <span class='ocrx_word' id='word_1_123' title='bbox 903 2430 938 2496; x_wconf 89' lang='lat' dir='ltr'><strong>in</strong></span> <span class='ocrx_word' id='word_1_124' title='bbox 956 2423 1038 2496; x_wconf 89' lang='lat' dir='ltr'><strong>silva</strong></span> <span class='ocrx_word' id='word_1_125' title='bbox 1059 2427 1221 2495; x_wconf 81' lang='lat' dir='ltr'><strong>deerrare.</strong></span> <span class='ocrx_word' id='word_1_126' title='bbox 1242 2426 1306 2494; x_wconf 94' lang='lat' dir='ltr'><strong>llle</strong></span> 
     </span>
    </p>
   </div>
   <div class='ocr_carea' id='block_1_16' title="bbox 264 2565 1309 2670">
    <p class='ocr_par' dir='ltr' id='par_1_16' title="bbox 264 2565 1309 2670">
     <span class='ocr_line' id='line_1_16' title="bbox 264 2565 1309 2670; baseline -0.003 -26"><span class='ocrx_word' id='word_1_127' title='bbox 264 2577 416 2645; x_wconf 84' lang='lat' dir='ltr'><strong>habitum</strong></span> <span class='ocrx_word' id='word_1_128' title='bbox 423 2602 534 2646; x_wconf 89' lang='lat' dir='ltr'><strong>meum</strong></span> <span class='ocrx_word' id='word_1_129' title='bbox 552 2578 742 2665; x_wconf 86' lang='lat' dir='ltr'><strong>miseratus,</strong></span> <span class='ocrx_word' id='word_1_130' title='bbox 762 2577 841 2670; x_wconf 90' lang='lat' dir='ltr'><strong>quia</strong></span> <span class='ocrx_word' id='word_1_131' title='bbox 854 2574 945 2644; x_wconf 89' lang='lat' dir='ltr'><strong>letho</strong></span> <span class='ocrx_word' id='word_1_132' title='bbox 960 2573 1115 2669; x_wconf 82' lang='lat' dir='ltr'><strong>pallidior</strong></span> <span class='ocrx_word' id='word_1_133' title='bbox 1131 2565 1243 2662; x_wconf 85' lang='lat' dir='ltr'><strong>eram,</strong></span> <span class='ocrx_word' id='word_1_134' title='bbox 1256 2573 1309 2642; x_wconf 93' lang='lat' dir='ltr'><strong>lu-</strong></span> 
     </span>
    </p>
   </div>
   <div class='ocr_carea' id='block_1_17' title="bbox 264 2723 1306 2822">
    <p class='ocr_par' dir='ltr' id='par_1_17' title="bbox 264 2717 1391 2822">
     <span class='ocr_line' id='line_1_17' title="bbox 264 2723 1306 2822; baseline -0.002 -28"><span class='ocrx_word' id='word_1_135' title='bbox 264 2742 365 2822; x_wconf 90' lang='lat' dir='ltr'><strong>toque</strong></span> <span class='ocrx_word' id='word_1_136' title='bbox 382 2729 521 2817; x_wconf 87' lang='lat' dir='ltr'><strong>oblitus,</strong></span> <span class='ocrx_word' id='word_1_137' title='bbox 539 2729 773 2820; x_wconf 82' lang='lat' dir='ltr'><strong>interrogavit,</strong></span> <span class='ocrx_word' id='word_1_138' title='bbox 792 2750 873 2795; x_wconf 88' lang='lat' dir='ltr'><strong>num</strong></span> <span class='ocrx_word' id='word_1_139' title='bbox 892 2725 1036 2818; x_wconf 88' lang='lat' dir='ltr'><strong>aliquem</strong></span> <span class='ocrx_word' id='word_1_140' title='bbox 1053 2727 1087 2792; x_wconf 91' lang='lat' dir='ltr'><strong>in</strong></span> <span class='ocrx_word' id='word_1_141' title='bbox 1105 2724 1188 2794; x_wconf 89' lang='lat' dir='ltr'><strong>silva</strong></span> <span class='ocrx_word' id='word_1_142' title='bbox 1204 2723 1306 2791; x_wconf 84' lang='lat' dir='ltr'><strong>vidis·</strong></span> 
     </span>
    </p>
   </div>
   <div class='ocr_carea' id='block_1_18' title="bbox 265 2871 1309 2970">
    <p class='ocr_par' dir='ltr' id='par_1_18' title="bbox 265 2871 1309 2970">
     <span class='ocr_line' id='line_1_18' title="bbox 265 2871 1309 2970; baseline -0.011 -22"><span class='ocrx_word' id='word_1_143' title='bbox 265 2905 342 2949; x_wconf 88' lang='lat' dir='ltr'><strong>sem.</strong></span> <span class='ocrx_word' id='word_1_144' title='bbox 372 2881 570 2965; x_wconf 87' lang='lat' dir='ltr'><strong>Neminem,</strong></span> <span class='ocrx_word' id='word_1_145' title='bbox 591 2879 729 2970; x_wconf 91' lang='lat' dir='ltr'><strong>inquam</strong></span> <span class='ocrx_word' id='word_1_146' title='bbox 752 2902 760 2942; x_wconf 79' lang='lat' dir='ltr'><strong><em>z</em></strong></span> <span class='ocrx_word' id='word_1_147' title='bbox 785 2874 862 2943; x_wconf 90' lang='lat' dir='ltr'><strong>dein</strong></span> <span class='ocrx_word' id='word_1_148' title='bbox 883 2874 1120 2942; x_wconf 89' lang='lat' dir='ltr'><strong>humanissime</strong></span> <span class='ocrx_word' id='word_1_149' title='bbox 1147 2871 1189 2939; x_wconf 89' lang='lat' dir='ltr'><strong>ad</strong></span> <span class='ocrx_word' id='word_1_150' title='bbox 1218 2875 1309 2938; x_wconf 86' lang='lat' dir='ltr'><strong>viam</strong></span> 
     </span>
    </p>
   </div>
   <div class='ocr_carea' id='block_1_19' title="bbox 266 3005 1307 3133">
    <p class='ocr_par' dir='ltr' id='par_1_19' title="bbox 266 3005 1307 3133">
     <span class='ocr_line' id='line_1_19' title="bbox 266 3005 1307 3133; baseline -0.022 -23"><span class='ocrx_word' id='word_1_151' title='bbox 266 3041 389 3133; x_wconf 84' lang='lat' dir='ltr'><strong>regiam</strong></span> <span class='ocrx_word' id='word_1_152' title='bbox 407 3061 459 3104; x_wconf 92' lang='lat' dir='ltr'><strong>me</strong></span> <span class='ocrx_word' id='word_1_153' title='bbox 481 3033 656 3120; x_wconf 83' lang='lat' dir='ltr'><strong>conduxit,</strong></span> <span class='ocrx_word' id='word_1_154' title='bbox 680 3032 739 3099; x_wconf 88' lang='lat' dir='ltr'><strong>ubi</strong></span> <span class='ocrx_word' id='word_1_155' title='bbox 762 3029 846 3098; x_wconf 92' lang='lat' dir='ltr'><strong>duos</strong></span> <span class='ocrx_word' id='word_1_156' title='bbox 863 3027 925 3096; x_wconf 90' lang='lat' dir='ltr'><strong>sihi</strong></span> <span class='ocrx_word' id='word_1_157' title='bbox 947 3005 1123 3100; x_wconf 80' lang='lat' dir='ltr'><strong>familiares</strong></span> <span class='ocrx_word' id='word_1_158' title='bbox 1144 3021 1307 3106; x_wconf 73' lang='lat' dir='ltr'><strong>offendit,</strong></span> 
     </span>
    </p>
   </div>
   <div class='ocr_carea' id='block_1_20' title="bbox 268 3168 1307 3280">
    <p class='ocr_par' dir='ltr' id='par_1_20' title="bbox 268 3168 1307 3280">
     <span class='ocr_line' id='line_1_20' title="bbox 268 3168 1307 3280; baseline -0.019 -24"><span class='ocrx_word' id='word_1_159' title='bbox 268 3189 325 3280; x_wconf 89' lang='lat' dir='ltr'><strong>qui</strong></span> <span class='ocrx_word' id='word_1_160' title='bbox 345 3168 543 3269; x_wconf 86' lang='lat' dir='ltr'><strong>retulerunt,</strong></span> <span class='ocrx_word' id='word_1_161' title='bbox 560 3206 594 3249; x_wconf 91' lang='lat' dir='ltr'><strong>se</strong></span> <span class='ocrx_word' id='word_1_162' title='bbox 610 3204 670 3274; x_wconf 90' lang='lat' dir='ltr'><strong>per</strong></span> <span class='ocrx_word' id='word_1_163' title='bbox 688 3201 803 3246; x_wconf 86' lang='lat' dir='ltr'><strong>omnes</strong></span> <span class='ocrx_word' id='word_1_164' title='bbox 829 3174 919 3244; x_wconf 84' lang='lat' dir='ltr'><strong>silvae</strong></span> <span class='ocrx_word' id='word_1_165' title='bbox 940 3175 1070 3241; x_wconf 87' lang='lat' dir='ltr'><strong>semitas</strong></span> <span class='ocrx_word' id='word_1_166' title='bbox 1090 3171 1307 3256; x_wconf 89' lang='lat' dir='ltr'><strong>discurrisse,</strong></span> 
     </span>
    </p>
   </div>
   <div class='ocr_carea' id='block_1_21' title="bbox 268 3317 1391 3424">
    <p class='ocr_par' dir='ltr' id='par_1_21' title="bbox 268 3317 1391 3424">
     <span class='ocr_line' id='line_1_21' title="bbox 268 3317 1391 3424; baseline -0.018 -24"><span class='ocrx_word' id='word_1_167' title='bbox 268 3331 417 3424; x_wconf 90' lang='lat' dir='ltr'><strong>nihilque</strong></span> <span class='ocrx_word' id='word_1_168' title='bbox 442 3343 561 3423; x_wconf 85' lang='lat' dir='ltr'><strong>praeter</strong></span> <span class='ocrx_word' id='word_1_169' title='bbox 585 3325 751 3410; x_wconf 89' lang='lat' dir='ltr'><strong>tunicam,</strong></span> <span class='ocrx_word' id='word_1_170' title='bbox 776 3344 877 3413; x_wconf 90' lang='lat' dir='ltr'><strong>quam</strong></span> <span class='ocrx_word' id='word_1_171' title='bbox 903 3319 1103 3399; x_wconf 91' lang='lat' dir='ltr'><strong>ostendunt,</strong></span> <span class='ocrx_word' id='word_1_172' title='bbox 1130 3317 1307 3383; x_wconf 89' lang='lat' dir='ltr'><strong>invenisse.</strong></span> <span class='ocrx_word' id='word_1_173' title='bbox 1390 3355 1391 3398; x_wconf 52' lang='lat'><em>5</em></span> 
     </span>
    </p>
   </div>
   <div class='ocr_carea' id='block_1_22' title="bbox 265 3464 1309 3572">
    <p class='ocr_par' dir='ltr' id='par_1_22' title="bbox 265 3464 1309 3572">
     <span class='ocr_line' id='line_1_22' title="bbox 265 3464 1309 3572; baseline -0.017 -23"><span class='ocrx_word' id='word_1_174' title='bbox 265 3481 360 3549; x_wconf 89' lang='lat' dir='ltr'><strong>lllam</strong></span> <span class='ocrx_word' id='word_1_175' title='bbox 385 3493 532 3572; x_wconf 87' lang='lat' dir='ltr'><strong>repetere</strong></span> <span class='ocrx_word' id='word_1_176' title='bbox 551 3474 689 3544; x_wconf 87' lang='lat' dir='ltr'><strong>audacia</strong></span> <span class='ocrx_word' id='word_1_177' title='bbox 708 3495 777 3539; x_wconf 90' lang='lat' dir='ltr'><strong>non</strong></span> <span class='ocrx_word' id='word_1_178' title='bbox 804 3466 927 3554; x_wconf 90' lang='lat' dir='ltr'><strong>valuit,</strong></span> <span class='ocrx_word' id='word_1_179' title='bbox 949 3481 986 3536; x_wconf 92' lang='lat' dir='ltr'><strong>ut</strong></span> <span class='ocrx_word' id='word_1_180' title='bbox 1003 3465 1051 3534; x_wconf 86' lang='lat' dir='ltr'><strong>fas</strong></span> <span class='ocrx_word' id='word_1_181' title='bbox 1072 3479 1121 3534; x_wconf 91' lang='lat' dir='ltr'><strong>est</strong></span> <span class='ocrx_word' id='word_1_182' title='bbox 1150 3464 1309 3550; x_wconf 87' lang='lat' dir='ltr'><strong>eredere,</strong></span> 
     </span>
    </p>
   </div>
   <div class='ocr_carea' id='block_1_23' title="bbox 152 3609 1391 3720">
    <p class='ocr_par' dir='ltr' id='par_1_23' title="bbox 152 3609 1391 3720">
     <span class='ocr_line' id='line_1_23' title="bbox 152 3609 1391 3720; baseline -0.023 -17"><span class='ocrx_word' id='word_1_183' title='bbox 152 3712 158 3717; x_wconf 49' lang='grc'>,</span> <span class='ocrx_word' id='word_1_184' title='bbox 268 3631 363 3714; x_wconf 91' lang='lat' dir='ltr'><strong>licet,</strong></span> <span class='ocrx_word' id='word_1_185' title='bbox 383 3628 500 3720; x_wconf 90' lang='lat' dir='ltr'><strong>quanti</strong></span> <span class='ocrx_word' id='word_1_186' title='bbox 517 3637 606 3707; x_wconf 90' lang='lat' dir='ltr'><strong>erat,</strong></span> <span class='ocrx_word' id='word_1_187' title='bbox 623 3620 727 3716; x_wconf 88' lang='lat' dir='ltr'><strong>probe</strong></span> <span class='ocrx_word' id='word_1_188' title='bbox 745 3643 876 3688; x_wconf 85' lang='lat' dir='ltr'><strong>nossem</strong></span> <span class='ocrx_word' id='word_1_189' title='bbox 891 3643 898 3684; x_wconf 92' lang='lat'>:</span> <span class='ocrx_word' id='word_1_190' title='bbox 913 3631 994 3684; x_wconf 89' lang='lat' dir='ltr'><strong>tune</strong></span> <span class='ocrx_word' id='word_1_191' title='bbox 1010 3615 1237 3684; x_wconf 85' lang='lat' dir='ltr'><strong>vehementius</strong></span> <span class='ocrx_word' id='word_1_192' title='bbox 1249 3609 1310 3678; x_wconf 91' lang='lat' dir='ltr'><strong>do·</strong></span> <span class='ocrx_word' id='word_1_193' title='bbox 1390 3635 1391 3652; x_wconf 54' lang='lat'><em>*</em></span> 
     </span>
    </p>
   </div>
   <div class='ocr_carea' id='block_1_24' title="bbox 267 3763 1309 3868">
    <p class='ocr_par' dir='ltr' id='par_1_24' title="bbox 267 3763 1309 3868">
     <span class='ocr_line' id='line_1_24' title="bbox 267 3763 1309 3868; baseline -0.016 -22"><span class='ocrx_word' id='word_1_194' title='bbox 267 3778 334 3847; x_wconf 89' lang='lat' dir='ltr'><strong>lere</strong></span> <span class='ocrx_word' id='word_1_195' title='bbox 362 3775 468 3868; x_wconf 90' lang='lat' dir='ltr'><strong>coepi,</strong></span> <span class='ocrx_word' id='word_1_196' title='bbox 487 3786 688 3866; x_wconf 89' lang='lat' dir='ltr'><strong>raptumque</strong></span> <span class='ocrx_word' id='word_1_197' title='bbox 706 3789 839 3860; x_wconf 83' lang='lat' dir='ltr'><strong>gemens</strong></span> <span class='ocrx_word' id='word_1_198' title='bbox 858 3763 1068 3849; x_wconf 88' lang='lat' dir='ltr'><strong>thesaurum,</strong></span> <span class='ocrx_word' id='word_1_199' title='bbox 1089 3763 1220 3830; x_wconf 90' lang='lat' dir='ltr'><strong>rusticis</strong></span> <span class='ocrx_word' id='word_1_200' title='bbox 1239 3788 1309 3831; x_wconf 91' lang='lat' dir='ltr'><strong>non</strong></span> 
     </span>
    </p>
   </div>
   <div class='ocr_carea' id='block_1_25' title="bbox 267 3903 1391 4011">
    <p class='ocr_par' dir='ltr' id='par_1_25' title="bbox 267 3903 1391 4011">
     <span class='ocr_line' id='line_1_25' title="bbox 267 3903 1391 4011; baseline -0.019 -15"><span class='ocrx_word' id='word_1_201' title='bbox 267 3923 514 3997; x_wconf 90' lang='lat' dir='ltr'><strong>advertentibus</strong></span> <span class='ocrx_word' id='word_1_202' title='bbox 527 3947 536 4007; x_wconf 81' lang='lat'><em>3</em></span> <span class='ocrx_word' id='word_1_203' title='bbox 555 3935 587 3988; x_wconf 89' lang='lat' dir='ltr'><strong>et</strong></span> <span class='ocrx_word' id='word_1_204' title='bbox 603 3921 854 4011; x_wconf 85' lang='lat' dir='ltr'><strong>ingravescente</strong></span> <span class='ocrx_word' id='word_1_205' title='bbox 869 3910 1056 3998; x_wconf 86' lang='lat' dir='ltr'><strong>debilitate,</strong></span> <span class='ocrx_word' id='word_1_206' title='bbox 1074 3909 1170 3978; x_wconf 89' lang='lat' dir='ltr'><strong>solito</strong></span> <span class='ocrx_word' id='word_1_207' title='bbox 1184 3910 1311 3978; x_wconf 89' lang='lat' dir='ltr'><strong>lentius</strong></span> <span class='ocrx_word' id='word_1_208' title='bbox 1390 3903 1391 3930; x_wconf 60' lang='lat'><em>³</em></span> 
     </span>
    </p>
   </div>
   <div class='ocr_carea' id='block_1_26' title="bbox 265 4057 1391 4169">
    <p class='ocr_par' dir='ltr' id='par_1_26' title="bbox 265 4057 1391 4169">
     <span class='ocr_line' id='line_1_26' title="bbox 265 4057 1391 4169; baseline -0.02 -24"><span class='ocrx_word' id='word_1_209' title='bbox 265 4075 448 4169; x_wconf 82' lang='lat' dir='ltr'><strong>gradiebar.</strong></span> <span class='ocrx_word' id='word_1_210' title='bbox 469 4069 611 4138; x_wconf 88' lang='lat' dir='ltr'><strong>Tardius</strong></span> <span class='ocrx_word' id='word_1_211' title='bbox 631 4069 733 4158; x_wconf 81' lang='lat' dir='ltr'><strong>igitur</strong></span> <span class='ocrx_word' id='word_1_212' title='bbox 757 4065 797 4160; x_wconf 16' lang='lat' dir='ltr'><strong>‘in</strong></span> <span class='ocrx_word' id='word_1_213' title='bbox 819 4061 935 4130; x_wconf 89' lang='lat' dir='ltr'><strong>urbem</strong></span> <span class='ocrx_word' id='word_1_214' title='bbox 954 4060 1110 4153; x_wconf 89' lang='lat' dir='ltr'><strong>perveni,</strong></span> <span class='ocrx_word' id='word_1_215' title='bbox 1136 4071 1170 4125; x_wconf 83' lang='lat' dir='ltr'><strong>et</strong></span> <span class='ocrx_word' id='word_1_216' title='bbox 1194 4057 1310 4126; x_wconf 88' lang='lat' dir='ltr'><strong>stabn·</strong></span> <span class='ocrx_word' id='word_1_217' title='bbox 1390 4123 1391 4138; x_wconf 57' lang='lat'><strong>,</strong></span> 
     </span>
    </p>
   </div>
   <div class='ocr_carea' id='block_1_27' title="bbox 0 0 1421 4684">
    <p class='ocr_par' dir='ltr' id='par_1_27' title="bbox 0 0 1421 4684">
     <span class='ocr_line' id='line_1_27' title="bbox 0 0 1421 4684; baseline 0 0"><span class='ocrx_word' id='word_1_218' title='bbox 0 0 1421 4684; x_wconf 95' lang='lat' dir='ltr'><strong> </strong></span> 
     </span>
    </p>
   </div>
  </div>
 </body>
</html>
