<?xml version="1.0" encoding="UTF-8"?>
<!DOCTYPE html PUBLIC "-//W3C//DTD XHTML 1.0 Transitional//EN"
    "http://www.w3.org/TR/xhtml1/DTD/xhtml1-transitional.dtd">
<html xmlns="http://www.w3.org/1999/xhtml" xml:lang="en" lang="en">
 <head>
  <title>
</title>
<meta http-equiv="Content-Type" content="text/html;charset=utf-8" />
  <meta name='ocr-system' content='tesseract 3.04.00' />
  <meta name='ocr-capabilities' content='ocr_page ocr_carea ocr_par ocr_line ocrx_word'/>
</head>
<body>
  <div class='ocr_page' id='page_1' title='image "./lesatyricondetp00conggoog_0163.png"; bbox 0 0 2817 4684; ppageno 0'>
   <div class='ocr_carea' id='block_1_1' title="bbox 240 311 1013 384">
    <p class='ocr_par' dir='ltr' id='par_1_1' title="bbox 240 311 1013 384">
     <span class='ocr_line' id='line_1_1' title="bbox 240 311 1013 384; baseline 0.006 -15"><span class='ocrx_word' id='word_1_1' title='bbox 240 311 306 370; x_wconf 79' lang='lat'>&#39;16⁰</span> <span class='ocrx_word' id='word_1_2' title='bbox 523 317 556 374; x_wconf 85' lang='grc' dir='ltr'>Τ.</span> <span class='ocrx_word' id='word_1_3' title='bbox 578 315 757 384; x_wconf 75' lang='grc' dir='ltr'><strong>ΡΕΤΙὶΟΝΙΙ</strong></span> <span class='ocrx_word' id='word_1_4' title='bbox 785 315 1013 376; x_wconf 75' lang='lat' dir='ltr'>ssrtmcon.</span> 
     </span>
    </p>
   </div>
   <div class='ocr_carea' id='block_1_2' title="bbox 645 575 922 644">
    <p class='ocr_par' dir='ltr' id='par_1_2' title="bbox 645 575 922 644">
     <span class='ocr_line' id='line_1_2' title="bbox 645 575 922 644; baseline -0.004 0"><span class='ocrx_word' id='word_1_5' title='bbox 645 575 814 644; x_wconf 81' lang='lat' dir='ltr'>CAPUT</span> <span class='ocrx_word' id='word_1_6' title='bbox 844 575 922 643; x_wconf 76' lang='lat' dir='ltr'>XL</span> 
     </span>
    </p>
   </div>
   <div class='ocr_carea' id='block_1_3' title="bbox 317 795 1378 892">
    <p class='ocr_par' dir='ltr' id='par_1_3' title="bbox 317 795 1378 892">
     <span class='ocr_line' id='line_1_3' title="bbox 317 795 1378 892; baseline -0.005 -23"><span class='ocrx_word' id='word_1_7' title='bbox 317 797 447 892; x_wconf 84' lang='lat' dir='ltr'>Sophos</span> <span class='ocrx_word' id='word_1_8' title='bbox 470 801 616 871; x_wconf 84' lang='lat' dir='ltr'>universi</span> <span class='ocrx_word' id='word_1_9' title='bbox 641 799 851 888; x_wconf 68' lang='lat' dir='ltr'>clamamus(</span> <span class='ocrx_word' id='word_1_10' title='bbox 866 813 900 869; x_wconf 85' lang='lat' dir='ltr'>ct</span> <span class='ocrx_word' id='word_1_11' title='bbox 918 797 1055 872; x_wconf 87' lang='lat' dir='ltr'>sublatis</span> <span class='ocrx_word' id='word_1_12' title='bbox 1078 796 1234 870; x_wconf 85' lang='lat' dir='ltr'>manibus</span> <span class='ocrx_word' id='word_1_13' title='bbox 1257 795 1300 867; x_wconf 86' lang='lat' dir='ltr'>sd</span> <span class='ocrx_word' id='word_1_14' title='bbox 1377 809 1378 840; x_wconf 53' lang='lat' dir='ltr'>l</span> 
     </span>
    </p>
   </div>
   <div class='ocr_carea' id='block_1_4' title="bbox 257 942 1295 1040">
    <p class='ocr_par' dir='ltr' id='par_1_4' title="bbox 257 942 1295 1040">
     <span class='ocr_line' id='line_1_4' title="bbox 257 942 1295 1040; baseline 0.002 -30"><span class='ocrx_word' id='word_1_15' title='bbox 257 965 422 1011; x_wconf 84' lang='lat' dir='ltr'>camaram</span> <span class='ocrx_word' id='word_1_16' title='bbox 433 994 443 1030; x_wconf 97' lang='lat'>,</span> <span class='ocrx_word' id='word_1_17' title='bbox 451 942 621 1036; x_wconf 88' lang='lat' dir='ltr'>juramus,</span> <span class='ocrx_word' id='word_1_18' title='bbox 631 945 863 1040; x_wconf 80' lang='lat' dir='ltr'><strong>Hipparchum</strong></span> <span class='ocrx_word' id='word_1_19' title='bbox 877 947 1082 1037; x_wconf 79' lang='lat' dir='ltr'><strong>Aratumque</strong></span> <span class='ocrx_word' id='word_1_20' title='bbox 1097 968 1295 1038; x_wconf 86' lang='lat' dir='ltr'>comparan-</span> 
     </span>
    </p>
   </div>
   <div class='ocr_carea' id='block_1_5' title="bbox 257 1081 1297 1175">
    <p class='ocr_par' dir='ltr' id='par_1_5' title="bbox 257 1081 1297 1175">
     <span class='ocr_line' id='line_1_5' title="bbox 257 1081 1297 1175; baseline 0.001 -21"><span class='ocrx_word' id='word_1_21' title='bbox 257 1085 317 1155; x_wconf 90' lang='lat' dir='ltr'>dos</span> <span class='ocrx_word' id='word_1_22' title='bbox 332 1083 380 1155; x_wconf 90' lang='lat' dir='ltr'>illi</span> <span class='ocrx_word' id='word_1_23' title='bbox 393 1081 544 1161; x_wconf 88' lang='lat' dir='ltr'>homines</span> <span class='ocrx_word' id='word_1_24' title='bbox 562 1113 631 1156; x_wconf 91' lang='lat' dir='ltr'>non</span> <span class='ocrx_word' id='word_1_25' title='bbox 647 1087 764 1172; x_wconf 81' lang='lat' dir='ltr'>fuisse3</span> <span class='ocrx_word' id='word_1_26' title='bbox 786 1089 894 1158; x_wconf 90' lang='lat' dir='ltr'>donec</span> <span class='ocrx_word' id='word_1_27' title='bbox 909 1087 1118 1158; x_wconf 90' lang='lat' dir='ltr'>advenerunt</span> <span class='ocrx_word' id='word_1_28' title='bbox 1136 1088 1297 1175; x_wconf 90' lang='lat' dir='ltr'>ministri,</span> 
     </span>
    </p>
   </div>
   <div class='ocr_carea' id='block_1_6' title="bbox 256 1228 1291 1326">
    <p class='ocr_par' dir='ltr' id='par_1_6' title="bbox 256 1228 1291 1326">
     <span class='ocr_line' id='line_1_6' title="bbox 256 1228 1291 1326; baseline 0 -26"><span class='ocrx_word' id='word_1_29' title='bbox 256 1255 295 1300; x_wconf 91' lang='lat' dir='ltr'>ac</span> <span class='ocrx_word' id='word_1_30' title='bbox 305 1228 424 1307; x_wconf 84' lang='lat' dir='ltr'>toralia</span> <span class='ocrx_word' id='word_1_31' title='bbox 432 1247 680 1326; x_wconf 81' lang='lat' dir='ltr'>proposuerunt</span> <span class='ocrx_word' id='word_1_32' title='bbox 691 1235 792 1320; x_wconf 83' lang='lat' dir='ltr'>toris,</span> <span class='ocrx_word' id='word_1_33' title='bbox 811 1233 847 1301; x_wconf 91' lang='lat' dir='ltr'>in</span> <span class='ocrx_word' id='word_1_34' title='bbox 858 1232 980 1326; x_wconf 89' lang='lat' dir='ltr'>quibus</span> <span class='ocrx_word' id='word_1_35' title='bbox 988 1233 1071 1302; x_wconf 86' lang='lat' dir='ltr'>retia</span> <span class='ocrx_word' id='word_1_36' title='bbox 1083 1246 1179 1302; x_wconf 86' lang='lat' dir='ltr'>erant</span> <span class='ocrx_word' id='word_1_37' title='bbox 1190 1231 1291 1325; x_wconf 85' lang='lat' dir='ltr'>picta,</span> 
     </span>
    </p>
   </div>
   <div class='ocr_carea' id='block_1_7' title="bbox 254 1374 1379 1470">
    <p class='ocr_par' dir='ltr' id='par_1_7' title="bbox 254 1374 1379 1470">
     <span class='ocr_line' id='line_1_7' title="bbox 254 1374 1379 1470; baseline 0.004 -28"><span class='ocrx_word' id='word_1_38' title='bbox 254 1374 525 1470; x_wconf 76' lang='lat' dir='ltr'>subsessoresque</span> <span class='ocrx_word' id='word_1_39' title='bbox 546 1398 624 1446; x_wconf 88' lang='lat' dir='ltr'>cum</span> <span class='ocrx_word' id='word_1_40' title='bbox 647 1376 837 1464; x_wconf 84' lang='lat' dir='ltr'>venabulis,</span> <span class='ocrx_word' id='word_1_41' title='bbox 860 1391 894 1446; x_wconf 87' lang='lat' dir='ltr'>et</span> <span class='ocrx_word' id='word_1_42' title='bbox 911 1389 1000 1445; x_wconf 84' lang='lat' dir='ltr'>totus</span> <span class='ocrx_word' id='word_1_43' title='bbox 1023 1377 1210 1446; x_wconf 84' lang='lat' dir='ltr'>venationis</span> <span class='ocrx_word' id='word_1_44' title='bbox 1234 1401 1293 1468; x_wconf 87' lang='lat' dir='ltr'>ap·</span> <span class='ocrx_word' id='word_1_45' title='bbox 1378 1445 1379 1464; x_wconf 55' lang='lat'>,</span> 
     </span>
    </p>
   </div>
   <div class='ocr_carea' id='block_1_8' title="bbox 190 1518 1298 1615">
    <p class='ocr_par' dir='ltr' id='par_1_8' title="bbox 190 1518 1298 1615">
     <span class='ocr_line' id='line_1_8' title="bbox 190 1518 1298 1615; baseline 0 -27"><span class='ocrx_word' id='word_1_46' title='bbox 190 1562 194 1568; x_wconf 83' lang='lat'><strong>·</strong></span> <span class='ocrx_word' id='word_1_47' title='bbox 256 1533 403 1614; x_wconf 81' lang='lat' dir='ltr'>paratus.</span> <span class='ocrx_word' id='word_1_48' title='bbox 420 1518 572 1605; x_wconf 80' lang='lat' dir='ltr'>Necdum</span> <span class='ocrx_word' id='word_1_49' title='bbox 588 1521 792 1609; x_wconf 81' lang='lat' dir='ltr'>sciebamus,</span> <span class='ocrx_word' id='word_1_50' title='bbox 818 1543 887 1615; x_wconf 87' lang='lat' dir='ltr'>quo</span> <span class='ocrx_word' id='word_1_51' title='bbox 907 1523 1112 1591; x_wconf 86' lang='lat' dir='ltr'>mitteremus</span> <span class='ocrx_word' id='word_1_52' title='bbox 1136 1521 1298 1613; x_wconf 89' lang='lat' dir='ltr'>suspicio·</span> 
     </span>
    </p>
   </div>
   <div class='ocr_carea' id='block_1_9' title="bbox 256 1658 1300 1758">
    <p class='ocr_par' dir='ltr' id='par_1_9' title="bbox 256 1658 1300 1758">
     <span class='ocr_line' id='line_1_9' title="bbox 256 1658 1300 1758; baseline 0.003 -27"><span class='ocrx_word' id='word_1_53' title='bbox 256 1687 314 1731; x_wconf 91' lang='lat' dir='ltr'>nes</span> <span class='ocrx_word' id='word_1_54' title='bbox 333 1678 481 1752; x_wconf 72' lang='lat' dir='ltr'>nocuas,</span> <span class='ocrx_word' id='word_1_55' title='bbox 500 1689 605 1758; x_wconf 89' lang='lat' dir='ltr'>quum</span> <span class='ocrx_word' id='word_1_56' title='bbox 625 1680 719 1740; x_wconf 85' lang='lat' dir='ltr'>extra</span> <span class='ocrx_word' id='word_1_57' title='bbox 737 1665 919 1744; x_wconf 86' lang='lat' dir='ltr'>triclinium</span> <span class='ocrx_word' id='word_1_58' title='bbox 939 1658 1064 1734; x_wconf 91' lang='lat' dir='ltr'>clamor</span> <span class='ocrx_word' id='word_1_59' title='bbox 1085 1661 1234 1735; x_wconf 88' lang='lat' dir='ltr'>sublatus</span> <span class='ocrx_word' id='word_1_60' title='bbox 1249 1680 1300 1734; x_wconf 90' lang='lat' dir='ltr'>est</span> 
     </span>
    </p>
   </div>
   <div class='ocr_carea' id='block_1_10' title="bbox 255 1808 1379 1901">
    <p class='ocr_par' dir='ltr' id='par_1_10' title="bbox 255 1808 1379 1901">
     <span class='ocr_line' id='line_1_10' title="bbox 255 1808 1379 1901; baseline 0.002 -24"><span class='ocrx_word' id='word_1_61' title='bbox 255 1808 390 1901; x_wconf 80' lang='lat' dir='ltr'>ingens:</span> <span class='ocrx_word' id='word_1_62' title='bbox 408 1822 442 1877; x_wconf 90' lang='lat' dir='ltr'>et</span> <span class='ocrx_word' id='word_1_63' title='bbox 457 1833 534 1880; x_wconf 86' lang='lat' dir='ltr'>ecce</span> <span class='ocrx_word' id='word_1_64' title='bbox 552 1833 651 1881; x_wconf 87' lang='lat' dir='ltr'>canes</span> <span class='ocrx_word' id='word_1_65' title='bbox 670 1808 812 1886; x_wconf 75' lang='lat' dir='ltr'><strong>laconici</strong></span> <span class='ocrx_word' id='word_1_66' title='bbox 835 1810 935 1884; x_wconf 83' lang='lat' dir='ltr'>etiam</span> <span class='ocrx_word' id='word_1_67' title='bbox 954 1811 1043 1884; x_wconf 75' lang='lat' dir='ltr'>circa</span> <span class='ocrx_word' id='word_1_68' title='bbox 1063 1835 1211 1883; x_wconf 85' lang='lat' dir='ltr'>mensam</span> <span class='ocrx_word' id='word_1_69' title='bbox 1233 1810 1301 1882; x_wconf 86' lang='lat' dir='ltr'>dis·</span> <span class='ocrx_word' id='word_1_70' title='bbox 1378 1891 1379 1894; x_wconf 8' lang='grc' dir='ltr'><strong>Ἴ</strong></span> 
     </span>
    </p>
   </div>
   <div class='ocr_carea' id='block_1_11' title="bbox 141 1954 1300 2050">
    <p class='ocr_par' dir='ltr' id='par_1_11' title="bbox 141 1954 1300 2050">
     <span class='ocr_line' id='line_1_11' title="bbox 141 1954 1300 2050; baseline 0.003 -30"><span class='ocrx_word' id='word_1_71' title='bbox 141 2035 146 2045; x_wconf 27' lang='grc' dir='ltr'>ι</span> <span class='ocrx_word' id='word_1_72' title='bbox 250 1975 383 2021; x_wconf 89' lang='lat' dir='ltr'>currere</span> <span class='ocrx_word' id='word_1_73' title='bbox 394 1967 576 2047; x_wconf 83' lang='lat' dir='ltr'>coeperunt</span> <span class='ocrx_word' id='word_1_74' title='bbox 592 1956 749 2024; x_wconf 89' lang='lat' dir='ltr'>Secutum</span> <span class='ocrx_word' id='word_1_75' title='bbox 773 1969 823 2024; x_wconf 84' lang='lat' dir='ltr'>est</span> <span class='ocrx_word' id='word_1_76' title='bbox 834 1954 896 2028; x_wconf 89' lang='lat' dir='ltr'>bos</span> <span class='ocrx_word' id='word_1_77' title='bbox 910 1957 1162 2050; x_wconf 85' lang='lat' dir='ltr'>repositorium,</span> <span class='ocrx_word' id='word_1_78' title='bbox 1181 1957 1300 2050; x_wconf 93' lang='lat' dir='ltr'>inquo</span> 
     </span>
    </p>
   </div>
   <div class='ocr_carea' id='block_1_12' title="bbox 256 2094 1298 2196">
    <p class='ocr_par' dir='ltr' id='par_1_12' title="bbox 256 2094 1298 2196">
     <span class='ocr_line' id='line_1_12' title="bbox 256 2094 1298 2196; baseline 0.005 -33"><span class='ocrx_word' id='word_1_79' title='bbox 256 2095 385 2189; x_wconf 91' lang='lat' dir='ltr'>positus</span> <span class='ocrx_word' id='word_1_80' title='bbox 404 2110 474 2165; x_wconf 91' lang='lat' dir='ltr'>erat</span> <span class='ocrx_word' id='word_1_81' title='bbox 490 2099 606 2191; x_wconf 81' lang='lat' dir='ltr'>primae</span> <span class='ocrx_word' id='word_1_82' title='bbox 621 2094 862 2195; x_wconf 79' lang='lat' dir='ltr'>magnitudinis</span> <span class='ocrx_word' id='word_1_83' title='bbox 880 2124 978 2194; x_wconf 91' lang='lat' dir='ltr'>aper,</span> <span class='ocrx_word' id='word_1_84' title='bbox 992 2114 1026 2168; x_wconf 95' lang='lat' dir='ltr'>et</span> <span class='ocrx_word' id='word_1_85' title='bbox 1042 2099 1176 2192; x_wconf 85' lang='lat' dir='ltr'>quidem</span> <span class='ocrx_word' id='word_1_86' title='bbox 1194 2098 1298 2196; x_wconf 93' lang='lat' dir='ltr'>pilea·</span> 
     </span>
    </p>
   </div>
   <div class='ocr_carea' id='block_1_13' title="bbox 255 2238 1299 2339">
    <p class='ocr_par' dir='ltr' id='par_1_13' title="bbox 255 2238 1299 2339">
     <span class='ocr_line' id='line_1_13' title="bbox 255 2238 1299 2339; baseline 0.005 -33"><span class='ocrx_word' id='word_1_87' title='bbox 255 2253 329 2328; x_wconf 73' lang='lat' dir='ltr'>tus,</span> <span class='ocrx_word' id='word_1_88' title='bbox 349 2264 368 2309; x_wconf 91' lang='lat' dir='ltr'>e</span> <span class='ocrx_word' id='word_1_89' title='bbox 393 2239 489 2335; x_wconf 89' lang='lat' dir='ltr'>cujus</span> <span class='ocrx_word' id='word_1_90' title='bbox 507 2238 663 2310; x_wconf 83' lang='lat' dir='ltr'>dentibus</span> <span class='ocrx_word' id='word_1_91' title='bbox 682 2240 846 2336; x_wconf 77' lang='lat' dir='ltr'>sportella</span> <span class='ocrx_word' id='word_1_92' title='bbox 865 2241 1097 2337; x_wconf 83' lang='lat' dir='ltr'>dependebant</span> <span class='ocrx_word' id='word_1_93' title='bbox 1113 2244 1203 2332; x_wconf 70' lang='lat' dir='ltr'>dun,</span> <span class='ocrx_word' id='word_1_94' title='bbox 1229 2242 1299 2339; x_wconf 90' lang='lat' dir='ltr'>pal-</span> 
     </span>
    </p>
   </div>
   <div class='ocr_carea' id='block_1_14' title="bbox 254 2381 1380 2482">
    <p class='ocr_par' dir='ltr' id='par_1_14' title="bbox 254 2381 1380 2482">
     <span class='ocr_line' id='line_1_14' title="bbox 254 2381 1380 2482; baseline 0.006 -32"><span class='ocrx_word' id='word_1_95' title='bbox 254 2381 353 2461; x_wconf 83' lang='lat' dir='ltr'>mulis</span> <span class='ocrx_word' id='word_1_96' title='bbox 362 2382 868 2479; x_wconf 79' lang='lat' dir='ltr'>textas,altetacaryotis,altera</span> <span class='ocrx_word' id='word_1_97' title='bbox 877 2385 1036 2456; x_wconf 73' lang='lat' dir='ltr'>thebaicis</span> <span class='ocrx_word' id='word_1_98' title='bbox 1047 2385 1182 2482; x_wconf 85' lang='lat' dir='ltr'>repleta.</span> <span class='ocrx_word' id='word_1_99' title='bbox 1200 2389 1300 2456; x_wconf 88' lang='lat' dir='ltr'>Circa</span> <span class='ocrx_word' id='word_1_100' title='bbox 1336 2393 1338 2396; x_wconf 79' lang='grc'><strong>’</strong></span> <span class='ocrx_word' id='word_1_101' title='bbox 1379 2461 1380 2482; x_wconf 17' lang='grc' dir='ltr'>ἢ</span> 
     </span>
    </p>
   </div>
   <div class='ocr_carea' id='block_1_15' title="bbox 222 2527 1303 3925">
    <p class='ocr_par' dir='ltr' id='par_1_15' title="bbox 222 2527 1303 3925">
     <span class='ocr_line' id='line_1_15' title="bbox 254 2527 1299 2629; baseline 0.003 -33"><span class='ocrx_word' id='word_1_102' title='bbox 254 2541 382 2616; x_wconf 86' lang='lat' dir='ltr'>autem,</span> <span class='ocrx_word' id='word_1_103' title='bbox 399 2529 545 2597; x_wconf 87' lang='lat' dir='ltr'>minores</span> <span class='ocrx_word' id='word_1_104' title='bbox 562 2527 720 2623; x_wconf 87' lang='lat' dir='ltr'>porcelli,</span> <span class='ocrx_word' id='word_1_105' title='bbox 742 2555 783 2598; x_wconf 82' lang='lat' dir='ltr'>ex</span> <span class='ocrx_word' id='word_1_106' title='bbox 806 2528 1067 2629; x_wconf 83' lang='lat' dir='ltr'>coptoplacentis</span> <span class='ocrx_word' id='word_1_107' title='bbox 1090 2530 1185 2618; x_wconf 71' lang='lat' dir='ltr'>iacti,</span> <span class='ocrx_word' id='word_1_108' title='bbox 1204 2531 1299 2624; x_wconf 91' lang='lat' dir='ltr'>quasi</span> 
     </span>
     <span class='ocr_line' id='line_1_16' title="bbox 255 2663 1303 2775; baseline 0.003 -34"><span class='ocrx_word' id='word_1_109' title='bbox 255 2673 415 2742; x_wconf 83' lang='lat' dir='ltr'>uberibus</span> <span class='ocrx_word' id='word_1_110' title='bbox 437 2663 668 2764; x_wconf 85' lang='lat' dir='ltr'>imminerent,</span> <span class='ocrx_word' id='word_1_111' title='bbox 691 2675 869 2775; x_wconf 78' lang='lat' dir='ltr'>scropham</span> <span class='ocrx_word' id='word_1_112' title='bbox 884 2700 954 2745; x_wconf 81' lang='lat' dir='ltr'>csse</span> <span class='ocrx_word' id='word_1_113' title='bbox 969 2677 1113 2771; x_wconf 84' lang='lat' dir='ltr'>positam</span> <span class='ocrx_word' id='word_1_114' title='bbox 1137 2675 1303 2770; x_wconf 83' lang='lat' dir='ltr'>significa·</span> 
     </span>
     <span class='ocr_line' id='line_1_17' title="bbox 253 2781 1301 2916; baseline 0.003 -31"><span class='ocrx_word' id='word_1_115' title='bbox 253 2781 354 2900; x_wconf 84' lang='lat' dir='ltr'>bant:</span> <span class='ocrx_word' id='word_1_116' title='bbox 375 2819 455 2889; x_wconf 89' lang='lat' dir='ltr'>ethi</span> <span class='ocrx_word' id='word_1_117' title='bbox 466 2820 603 2914; x_wconf 90' lang='lat' dir='ltr'>quidem</span> <span class='ocrx_word' id='word_1_118' title='bbox 613 2819 820 2916; x_wconf 77' lang='lat' dir='ltr'>apophoreta</span> <span class='ocrx_word' id='word_1_119' title='bbox 830 2819 977 2906; x_wconf 84' lang='lat' dir='ltr'>fuerunt.</span> <span class='ocrx_word' id='word_1_120' title='bbox 992 2822 1148 2908; x_wconf 72' lang='lat' dir='ltr'>Ceterum</span> <span class='ocrx_word' id='word_1_121' title='bbox 1159 2819 1204 2890; x_wconf 87' lang='lat' dir='ltr'>ad</span> <span class='ocrx_word' id='word_1_122' title='bbox 1213 2821 1301 2902; x_wconf 78' lang='lat' dir='ltr'>scin-</span> 
     </span>
     <span class='ocr_line' id='line_1_18' title="bbox 253 2962 1298 3058; baseline 0.003 -26"><span class='ocrx_word' id='word_1_123' title='bbox 253 2962 400 3033; x_wconf 83' lang='lat' dir='ltr'>dendum</span> <span class='ocrx_word' id='word_1_124' title='bbox 409 2987 529 3058; x_wconf 88' lang='lat' dir='ltr'>aprum</span> <span class='ocrx_word' id='word_1_125' title='bbox 539 2989 608 3048; x_wconf 88' lang='lat' dir='ltr'>nop</span> <span class='ocrx_word' id='word_1_126' title='bbox 621 2963 677 3034; x_wconf 90' lang='lat' dir='ltr'>ille</span> <span class='ocrx_word' id='word_1_127' title='bbox 686 2967 818 3058; x_wconf 83' lang='lat' dir='ltr'>Carpus</span> <span class='ocrx_word' id='word_1_128' title='bbox 824 2966 1042 3058; x_wconf 86' lang='lat' dir='ltr'>accessit,qui</span> <span class='ocrx_word' id='word_1_129' title='bbox 1051 2963 1155 3034; x_wconf 88' lang='lat' dir='ltr'>altilia</span> <span class='ocrx_word' id='word_1_130' title='bbox 1172 2965 1298 3035; x_wconf 86' lang='lat' dir='ltr'>lacera·</span> 
     </span>
     <span class='ocr_line' id='line_1_19' title="bbox 251 3097 1301 3202; baseline 0.004 -28"><span class='ocrx_word' id='word_1_131' title='bbox 251 3121 359 3196; x_wconf 53' lang='lat' dir='ltr'>verat,</span> <span class='ocrx_word' id='word_1_132' title='bbox 377 3097 434 3177; x_wconf 83' lang='lat' dir='ltr'>sed</span> <span class='ocrx_word' id='word_1_133' title='bbox 445 3108 623 3197; x_wconf 90' lang='lat' dir='ltr'>barbatus,</span> <span class='ocrx_word' id='word_1_134' title='bbox 637 3106 774 3202; x_wconf 80' lang='lat' dir='ltr'>ingens,</span> <span class='ocrx_word' id='word_1_135' title='bbox 789 3105 898 3177; x_wconf 84' lang='lat' dir='ltr'>fasciis</span> <span class='ocrx_word' id='word_1_136' title='bbox 925 3107 1110 3178; x_wconf 86' lang='lat' dir='ltr'>cruralibus</span> <span class='ocrx_word' id='word_1_137' title='bbox 1129 3109 1301 3202; x_wconf 86' lang='lat' dir='ltr'>alligatus,</span> 
     </span>
     <span class='ocr_line' id='line_1_20' title="bbox 252 3251 1299 3366; baseline 0 -43"><span class='ocrx_word' id='word_1_138' title='bbox 252 3269 287 3323; x_wconf 89' lang='lat' dir='ltr'>et</span> <span class='ocrx_word' id='word_1_139' title='bbox 299 3251 421 3338; x_wconf 81' lang='lat' dir='ltr'>alicula</span> <span class='ocrx_word' id='word_1_140' title='bbox 431 3255 632 3334; x_wconf 82' lang='lat' dir='ltr'>subornatus</span> <span class='ocrx_word' id='word_1_141' title='bbox 647 3251 828 3366; x_wconf 72' lang='lat' dir='ltr'>polpmita,</span> <span class='ocrx_word' id='word_1_142' title='bbox 846 3256 1028 3362; x_wconf 78' lang='lat' dir='ltr'>strictoque</span> <span class='ocrx_word' id='word_1_143' title='bbox 1039 3255 1212 3322; x_wconf 88' lang='lat' dir='ltr'>venatorio</span> <span class='ocrx_word' id='word_1_144' title='bbox 1227 3254 1299 3342; x_wconf 91' lang='lat' dir='ltr'>cul·</span> 
     </span>
     <span class='ocr_line' id='line_1_21' title="bbox 253 3397 1300 3495; baseline 0 -24"><span class='ocrx_word' id='word_1_145' title='bbox 253 3415 306 3471; x_wconf 88' lang='lat' dir='ltr'>tro</span> <span class='ocrx_word' id='word_1_146' title='bbox 321 3399 407 3482; x_wconf 80' lang='lat' dir='ltr'>latus</span> <span class='ocrx_word' id='word_1_147' title='bbox 423 3401 497 3495; x_wconf 91' lang='lat' dir='ltr'>apri</span> <span class='ocrx_word' id='word_1_148' title='bbox 511 3400 723 3480; x_wconf 84' lang='lat' dir='ltr'>vehementer</span> <span class='ocrx_word' id='word_1_149' title='bbox 734 3397 916 3493; x_wconf 80' lang='lat' dir='ltr'>percussit,</span> <span class='ocrx_word' id='word_1_150' title='bbox 933 3418 973 3472; x_wconf 77' lang='lat' dir='ltr'>ex</span> <span class='ocrx_word' id='word_1_151' title='bbox 987 3397 1194 3494; x_wconf 77' lang='lat' dir='ltr'>cujusplaga</span> <span class='ocrx_word' id='word_1_152' title='bbox 1208 3400 1300 3476; x_wconf 84' lang='lat' dir='ltr'>tunli</span> 
     </span>
     <span class='ocr_line' id='line_1_22' title="bbox 252 3541 1297 3638; baseline -0.003 -24"><span class='ocrx_word' id='word_1_153' title='bbox 252 3543 478 3615; x_wconf 87' lang='lat' dir='ltr'>evolaverunt.</span> <span class='ocrx_word' id='word_1_154' title='bbox 502 3544 614 3614; x_wconf 88' lang='lat' dir='ltr'>Parati</span> <span class='ocrx_word' id='word_1_155' title='bbox 638 3567 783 3638; x_wconf 87' lang='lat' dir='ltr'>aucupes</span> <span class='ocrx_word' id='word_1_156' title='bbox 802 3567 878 3612; x_wconf 89' lang='lat' dir='ltr'>oum</span> <span class='ocrx_word' id='word_1_157' title='bbox 897 3541 1124 3612; x_wconf 89' lang='lat' dir='ltr'>arundinibus·</span> <span class='ocrx_word' id='word_1_158' title='bbox 1141 3541 1297 3631; x_wconf 81' lang='lat' dir='ltr'>luerunt,</span> 
     </span>
     <span class='ocr_line' id='line_1_23' title="bbox 222 3667 1296 3780; baseline -0.003 -23"><span class='ocrx_word' id='word_1_159' title='bbox 222 3667 230 3778; x_wconf 25' lang='grc' dir='ltr'><strong><em>Ἰ</em></strong></span> <span class='ocrx_word' id='word_1_160' title='bbox 255 3703 289 3757; x_wconf 90' lang='lat' dir='ltr'>et</span> <span class='ocrx_word' id='word_1_161' title='bbox 300 3713 376 3776; x_wconf 90' lang='lat' dir='ltr'>eos,</span> <span class='ocrx_word' id='word_1_162' title='bbox 394 3689 484 3758; x_wconf 92' lang='lat' dir='ltr'>circa</span> <span class='ocrx_word' id='word_1_163' title='bbox 498 3688 681 3758; x_wconf 90' lang='lat' dir='ltr'>triclinium</span> <span class='ocrx_word' id='word_1_164' title='bbox 692 3686 889 3774; x_wconf 83' lang='lat' dir='ltr'>volitantes,</span> <span class='ocrx_word' id='word_1_165' title='bbox 903 3700 1072 3754; x_wconf 91' lang='lat' dir='ltr'>momento</span> <span class='ocrx_word' id='word_1_166' title='bbox 1085 3677 1296 3780; x_wconf 87' lang='lat' dir='ltr'>exceperunt.</span> 
     </span>
     <span class='ocr_line' id='line_1_24' title="bbox 254 3827 1299 3925; baseline -0.003 -25"><span class='ocrx_word' id='word_1_167' title='bbox 254 3831 356 3920; x_wconf 89' lang='lat' dir='ltr'>Inde,</span> <span class='ocrx_word' id='word_1_168' title='bbox 366 3857 472 3925; x_wconf 90' lang='lat' dir='ltr'>quum</span> <span class='ocrx_word' id='word_1_169' title='bbox 485 3857 584 3901; x_wconf 90' lang='lat' dir='ltr'>suum</span> <span class='ocrx_word' id='word_1_170' title='bbox 597 3833 718 3924; x_wconf 88' lang='lat' dir='ltr'>cuique</span> <span class='ocrx_word' id='word_1_171' title='bbox 723 3831 875 3925; x_wconf 85' lang='lat' dir='ltr'>jussisset</span> <span class='ocrx_word' id='word_1_172' title='bbox 889 3827 1004 3898; x_wconf 87' lang='lat' dir='ltr'>referri</span> <span class='ocrx_word' id='word_1_173' title='bbox 1012 3827 1214 3898; x_wconf 90' lang='lat' dir='ltr'>Trimalchio</span> <span class='ocrx_word' id='word_1_174' title='bbox 1223 3830 1299 3918; x_wconf 90' lang='lat' dir='ltr'>,ad-</span> 
     </span>
    </p>
   </div>
   <div class='ocr_carea' id='block_1_16' title="bbox 253 3970 1296 4073">
    <p class='ocr_par' dir='ltr' id='par_1_16' title="bbox 253 3970 1296 4073">
     <span class='ocr_line' id='line_1_25' title="bbox 253 3970 1296 4073; baseline -0.004 -29"><span class='ocrx_word' id='word_1_175' title='bbox 253 3976 347 4073; x_wconf 84' lang='lat' dir='ltr'>jecit:</span> <span class='ocrx_word' id='word_1_176' title='bbox 367 4015 410 4030; x_wconf 89' lang='lat'><em>-</em></span> <span class='ocrx_word' id='word_1_177' title='bbox 428 3977 537 4044; x_wconf 87' lang='lat' dir='ltr'>Etiam</span> <span class='ocrx_word' id='word_1_178' title='bbox 555 3974 684 4062; x_wconf 88' lang='lat' dir='ltr'>videte,</span> <span class='ocrx_word' id='word_1_179' title='bbox 707 3998 806 4066; x_wconf 86' lang='lat' dir='ltr'>quarn</span> <span class='ocrx_word' id='word_1_180' title='bbox 829 3997 951 4066; x_wconf 83' lang='lat' dir='ltr'>porcus</span> <span class='ocrx_word' id='word_1_181' title='bbox 971 3970 1025 4042; x_wconf 89' lang='lat' dir='ltr'>ille</span> <span class='ocrx_word' id='word_1_182' title='bbox 1052 3971 1219 4042; x_wconf 84' lang='lat' dir='ltr'>silvaticus</span> <span class='ocrx_word' id='word_1_183' title='bbox 1245 3989 1296 4040; x_wconf 88' lang='lat' dir='ltr'>to-</span> 
     </span>
    </p>
   </div>
   <div class='ocr_carea' id='block_1_17' title="bbox 0 0 1414 4684">
    <p class='ocr_par' dir='ltr' id='par_1_17' title="bbox 0 0 1414 4684">
     <span class='ocr_line' id='line_1_26' title="bbox 0 0 1414 4684; baseline 0 2"><span class='ocrx_word' id='word_1_184' title='bbox 0 0 1414 4684; x_wconf 95' lang='lat' dir='ltr'> </span> 
     </span>
    </p>
   </div>
  </div>
 </body>
</html>
