2817 4684
250 306 321 376 260*
522 326 555 381 r.
577 325 758 381 rcrnouu
779 326 1005 383 samareon.

578 1418 741 1486 cucur
773 1363 940 1505 iniv.

289 1630 366 1696 Haec
383 1628 514 1699 dicente
524 1656 583 1717 eo,
599 1630 706 1725 gallus
724 1630 924 1725 gallinaceus
941 1637 1103 1722 cantavit,
1118 1660 1185 1728 qua
1203 1660 1284 1703 voce
1389 1652 1390 1695 t

240 1768 397 1840 confusus
421 1773 623 1843 Trimalchio
646 1775 764 1845 vinum
789 1776 851 1845 sub
879 1800 993 1847 mensa
1014 1777 1115 1872 jussit
1134 1777 1282 1866 effundi,
1389 1808 1390 1879 3

239 1910 474 2009 lucernamque
498 1932 531 1985 et
561 1940 653 1987 mun
675 1918 814 2011 spargi;
842 1920 945 1988 immo
961 1918 1125 1990 annulum
1150 1922 1282 2015 trajecit
1389 1930 1390 1983 l

238 2057 273 2123 in
304 2056 471 2127 dexteram
493 2082 648 2148 manum3
672 2073 706 2128 et
728 2086 796 2129 :—
809 2062 886 2131 Non
912 2062 982 2131 sine
1006 2086 1120 2151 causa,
1145 2064 1280 2157 inquit,

237 2197 292 2267 hic
309 2200 470 2270 buccinus
488 2204 620 2297 signum
637 2202 730 2271 dedit
748 2229 756 2271 :
775 2228 871 2292 nam,
890 2220 948 2274 aut
966 2205 1158 2275 incendium
1175 2233 1278 2303 opor·
1389 2198 1390 2267 7

237 2356 284 2411 tet
302 2342 376 2431 fiat,
393 2358 452 2413 aut
466 2343 587 2437 aliquis
605 2346 641 2413 in
659 2345 781 2415 vicinia
800 2346 946 2415 animam
961 2347 1103 2442 abjiciet,
1123 2350 1238 2442 Longe
1257 2374 1280 2417 a
1389 2408 1390 2413 ,

236 2484 350 2557 nobis!
365 2490 500 2580 Itaque,
519 2488 671 2581 quisquis
686 2487 779 2557 hunc
792 2488 935 2559 indicem
953 2488 1118 2579 ¹attulerit,
1137 2491 1280 2561 corollas

236 2637 322 2703 rium
342 2638 491 2731 accipiet.
505 2638 665 2705 —Dicto
688 2638 786 2706 citius
808 2637 850 2731 dc
878 2640 998 2706 vicinia
1021 2636 1127 2731 gallus
1157 2628 1278 2706 allatus
1389 2736 1390 2745 ἵ

234 2798 301 2871 est,
319 2769 418 2878 quem
435 2784 636 2855 Trimalchio
656 2784 773 2881 jussit,
794 2798 831 2853 ut
849 2809 932 2854 aeno
951 2800 1064 2854 coctus
1088 2784 1191 2856 ficret.
1212 2789 1278 2855 La·

233 2947 362 3004 ceratus
387 2934 488 3025 igitur
506 2933 549 3003 ab
571 2931 629 3001 illo
647 2931 837 3002 doctissimo
862 2956 959 3017 coco,
987 2933 1045 3024 qui
1070 2932 1171 3027 paulo
1196 2948 1277 3003 autc

232 3106 308 3150 aves
325 3082 495 3175 piscesque
511 3080 648 3167 fecerat,
665 3081 701 3149 in
722 3079 881 3148 cacabum
898 3094 947 3149 est
965 3081 1151 3173 conjectum
1171 3080 1272 3150 dum·

231 3255 298 3323 que
311 3226 465 3298 Daedalus
474 3231 644 3325 potionem
654 3227 926 3297 ferventissimam
943 3228 1073 3315 haurit,
1088 3233 1271 3298 Fortunata
1389 3290 1390 3315 ÷

231 3376 318 3452 mou
333 3378 440 3447 buxea
455 3379 550 3474 piper
565 3376 668 3444 uun
680 3376 804 3443 snmus
818 3377 919 3469 igitur
931 3377 1076 3462 matun,
1090 3351 1269 3470 respiciens
1389 3448 1390 3463 Ν

230 3526 273 3597 ad
301 3525 457 3595 familiam
480 3522 702 3611 Trimalchio,
716 3524 864 3613 u--Quid
895 3548 971 3610 vos,
1001 3524 1126 3617 inquit,
1159 3524 1269 3592 adhuc

231 3685 300 3743 ncn'
317 3672 493 3751 coenastisl
506 3649 611 3763 abite,
629 3690 666 3741 ut
678 3673 734 3743 alii
749 3674 884 3741 veniant
898 3671 940 3739 ad
955 3670 1110 3743 officium.
1126 3712 1173 3723 -
1183 3673 1267 3741 Sub·
1389 3736 1390 3743 ,

229 3807 397 3916 iitigitur
421 3821 485 3910 alia
512 3822 639 3911 classis,
671 3835 704 3890 et
728 3819 774 3889 illi
798 3820 932 3914 quidem
956 3818 1179 3889 exclamavere
1199 3846 1264 3885 :-

207 3972 330 4059 ,Vulc,
347 3969 428 4044 Gai!
441 3972 534 4039 -hi
553 3987 662 4040 nutem
675 4023 684 4058 ,
696 3986 738 4025 ‘-
750 3974 837 4055 Avc‚
856 3966 939 4039 Gai!
953 4008 997 4045 -,·
1014 3968 1102 4037 Hinc
1120 3970 1262 4061 primum
1376 4022 1384 4046 ‹
