2817 4684
245 380 301 434 232
332 362 335 367 ’
526 385 559 437 r.
581 382 762 439 ruuaonn
781 368 1003 437 sirtarcou.
1063 432 1065 437 .

245 520 334 575 tratu
355 507 536 576 triclinium
563 475 737 604 implenti
756 509 1039 601 Margaritamque
1067 510 1173 576 Croesi
1204 530 1302 600 pene
1381 538 1382 567 t

244 650 410 720 laceravit.
425 654 496 722 Nec
513 656 601 723 intra
614 653 719 722 rixam
734 652 896 722 tumultus
907 653 1072 738 constitit,
1091 652 1147 722 sed
1163 649 1303 720 cande·
1381 680 1382 689 ¹

245 794 375 863 labrum
387 798 486 864 etiarn
499 824 598 891 supra
610 823 758 866 mensam
765 823 930 884 eversum,
948 813 980 867 et
996 822 1074 866 vasa
1085 799 1200 867 omnia
1220 821 1303 889 cry·

246 938 376 1007 stallina
391 942 606 1021 comminuit,
628 956 661 1010 et
677 940 751 1033 oleo
765 941 905 1011 ferventi
922 940 1050 1036 aliquot
1066 943 1229 1011 convivas
1248 964 1302 1007 re

245 1084 374 1175 spersit.
389 1081 608 1168 Trimalchio,
626 1109 668 1152 ne
682 1082 849 1153 videretur
860 1084 992 1175 jactura
1009 1094 1134 1171 motus,
1145 1084 1301 1153 basiavit

245 1250 402 1318 puerum,
420 1250 458 1293 ac
476 1228 574 1317 jussit
600 1250 701 1319 supra
720 1225 855 1295 dorsum
874 1225 1050 1295 ascendere
1073 1251 1181 1295 suurn.
1206 1228 1298 1295 Non

245 1384 396 1438 moratur
407 1369 472 1457 ille,
485 1396 564 1439 usus
574 1395 670 1464 equo,
683 1396 851 1465 manuque
863 1369 962 1464 plana
971 1366 1120 1466 scapulas
1130 1371 1200 1462 ejus
1214 1371 1299 1438 suh·

246 1517 532 1605 indeverheravit,
547 1519 700 1614 interque
716 1519 818 1585 risum
836 1515 1071 1611 proclamavit:
1092 1556 1140 1569 -—
1151 1512 1295 1585 Buccae!
1381 1540 1382 1587 ξ

245 1660 375 1731 buccae!
395 1677 479 1754 quot
502 1677 581 1730 sunt
603 1658 689 1730 hirl-
703 1702 746 1715 -
762 1664 944 1755 Repressus
971 1684 1050 1752 ergo
1078 1658 1296 1753 aliquamdiu

245 1804 447 1874 Trimalchio
468 1804 638 1874 camellam
660 1804 821 1898 grandem
839 1805 936 1897 jussit
962 1804 1111 1890 misceri,
1131 1816 1164 1871 et
1182 1805 1296 1897 potio·

246 1975 304 2018 nes
330 1949 434 2017 dividi
453 1949 608 2017 omnibus
627 1950 745 2034 servis,
767 1949 825 2041 qui
847 1944 890 2014 ad
909 1945 1008 2041 pedes
1031 1946 1208 2033 sedebant,
1232 1946 1295 2014 ad·

243 2093 330 2184 jecta
349 2094 559 2186 exceptione:
573 2130 624 2144 ——
636 2094 670 2159 si
689 2094 780 2185 quis,
799 2092 926 2183 inquit,
950 2088 1105 2177 noluerit¹
1120 2092 1291 2183 accipere,

247 2250 347 2329 caput
363 2234 412 2302 illi
429 2233 599 2327 perfunde.
616 2233 766 2302 Interdiu
782 2258 911 2319 severa,
933 2256 1024 2302 nunc
1042 2231 1172 2303 hilaria.
1270 2325 1289 2331 ⁴„

620 2961 782 3030 CAPUT
814 2961 928 3027 LXV.

295 3172 392 3237 Hanc
418 3170 656 3239 humanitatem
683 3174 839 3239 insecutae
866 3185 944 3237 sunt
971 3182 1119 3253 matteae,
1147 3190 1289 3259 quarum

247 3314 346 3380 etiarn
363 3312 548 3381 recordatio
567 3339 635 3398 me,
660 3316 770 3407 siqua
788 3328 837 3381 est
856 3312 981 3381 dicenti
1008 3310 1105 3397 fides,
1134 3308 1287 3378 offendit.

247 3432 395 3548 Singulae
407 3457 495 3525 enim
509 3454 640 3550 gallinae
652 3455 758 3525 altiles
771 3482 831 3553 pro
851 3456 957 3527 turdis
972 3453 1174 3524 circumlata
1192 3468 1289 3539 sunt,

247 3614 280 3665 et
291 3623 356 3666 ova
365 3602 518 3668 anserina
536 3600 673 3693 pilenta,
686 3624 761 3692 quae
779 3615 816 3668 ut
833 3623 1071 3685 comessamus,
1086 3595 1288 3665 ambitiosis-

246 3746 327 3810 sime
338 3769 357 3810 a
372 3743 468 3810 nobis
479 3743 680 3812 Trimalchio
693 3745 805 3837 petiit,
818 3742 949 3828 dicens,
963 3758 1127 3810 exossatas
1139 3736 1210 3809 esse
1222 3740 1289 3833 gal-

247 3886 341 3954 linas.
372 3889 464 3953 lnter
485 3887 554 3956 haec
573 3888 709 3957 triclinii
740 3886 851 3956 valvas
886 3886 983 3954 lictor
1010 3887 1186 3979 percussit,
1215 3888 1291 3953 ami·

247 4048 385 4129 ctusque
404 4048 492 4101 veste
511 4032 601 4119 alba,
619 4059 695 4100 cum
714 4035 840 4123 ingenti
860 4032 1045 4123 frequentia
1065 4033 1291 4099 commissator
