2817 4684
280 417 335 454 100
555 400 589 455 r.
611 383 793 454 remorsu
817 397 1038 453 sirrmcou.

276 525 480 620 perturbati,
499 549 543 592 uc
560 523 750 594 videremur
769 524 853 593 nihil
871 548 988 616 agere,
1006 538 1040 592 et
1053 525 1117 617 ipsi
1133 524 1270 591 scissam
1294 537 1330 590 et

276 668 443 737 sordidam
459 683 570 736 tenere
586 670 748 761 coepimus
765 669 928 754 tunicam,
943 681 1044 759 atque
1061 664 1175 734 eadem
1196 665 1331 733 invidia

275 811 499 906 proclamare,
514 826 708 880 nostraesse
726 810 851 905 spolia,
869 835 943 904 quae
955 808 1004 878 illi
1021 809 1239 906 possiderent.
1257 809 1329 878 Sed

276 955 369 1025 nullo
387 981 508 1050 genere
526 971 675 1051 parerat
695 980 794 1025 causa
815 969 949 1042 nostra,
973 968 1007 1024 ct
1024 955 1221 1041 conciones,
1248 979 1330 1046 quae

273 1096 317 1165 ad
330 1095 511 1166 clamorem
529 1096 776 1184 confluxerant,
803 1111 970 1184 nostram,
992 1094 1117 1164 scilicet
1140 1095 1181 1162 de
1208 1117 1328 1180 more,

275 1241 431 1310 ridebant
449 1240 631 1327 iuvidiam;
648 1240 740 1333 quod
756 1265 818 1336 pro
836 1240 892 1310 illa
910 1255 1004 1336 parte
1017 1239 1235 1309 vindicabant
1247 1265 1329 1334 pre-

276 1385 485 1452 tiosissimam
499 1397 643 1472 vestem,
663 1409 726 1478 pro
744 1381 807 1452 bac
825 1385 1028 1478 pannuciam
1054 1409 1096 1452 nc
1120 1383 1328 1453 centonibus

275 1529 409 1622 quidem
423 1529 523 1598 bonis
538 1529 685 1624 dignam.
706 1531 795 1598 Hinc
808 1528 958 1624 Ascyltos
970 1530 1054 1599 bene
1070 1531 1173 1598 risum
1190 1529 1327 1598 discus·

277 1676 340 1761 sit,
358 1676 437 1768 qui,
456 1675 589 1745 silentio
606 1674 716 1745 facto:

668 1955 840 2086 CAPU'q
856 1956 934 2020 XV.

276 2177 280 2186 '
327 2175 544 2264 -Videmus,
564 2179 685 2270 inquit,
696 2203 789 2246 suam
802 2178 922 2270 cuique
935 2203 1003 2246 rem
1016 2203 1085 2246 esse
1099 2180 1324 2246 carissimam:

236 2304 239 2311 ¹
274 2320 417 2389 reddant
437 2321 533 2389 nobis
553 2323 702 2392 tunicam
722 2337 886 2409 nostram,
903 2337 936 2391 et
961 2320 1098 2416 pallium
1116 2347 1213 2390 suum
1236 2323 1325 2389 reci-

276 2464 379 2555 piant.
393 2465 522 2531 -Etsi
549 2427 676 2532 rustico
697 2462 895 2557 mulierique
919 2462 1070 2558 placebat
1097 2451 1322 2558 permutatio,

274 2607 427 2677 advocati
445 2623 576 2697 tamen,
591 2610 660 2704 jam
680 2634 774 2704 paene
791 2611 968 2696 nocturni,
995 2611 1054 2703 qui
1074 2607 1231 2676 volebant
1248 2607 1325 2702 pal-

276 2749 356 2819 lium
375 2729 586 2841 lucrifacere,
600 2753 814 2850 flagitabant,
834 2757 881 2822 uti
902 2755 991 2848 apud
1008 2780 1041 2822 se
1059 2769 1199 2846 utraque
1218 2753 1324 2846 depo-

275 2914 450 2986 nerentur,
468 2880 508 2968 ac
525 2915 658 2993 postero
675 2900 728 2968 die
739 2899 841 2992 judex
862 2897 1029 2992 querelam
1048 2899 1233 2992 inspiceret.
1254 2900 1323 2967 Ne-

263 3029 341 3133 que
358 3043 449 3110 euim
467 3067 528 3110 res·
540 3058 692 3130 tantum,
706 3067 780 3134 quae
802 3040 992 3110 viderentur
1007 3043 1041 3108 in
1057 3041 1321 3108 controversiam

274 3195 362 3271 esse,
384 3185 441 3255 sed
458 3185 556 3279 longe
571 3185 662 3255 aliud
677 3187 781 3279 quaeri
791 3238 801 3272 ,
819 3187 853 3252 in
868 3199 944 3253 utra
960 3199 1054 3278 parte
1072 3183 1195 3252 scilicet
1218 3182 1322 3252 latro-

274 3332 354 3400 cinii
370 3333 515 3426 suspicio
530 3331 718 3399 haberetur.
736 3334 808 3398 lam
828 3331 987 3422 sequestri
1007 3328 1199 3425 placebant,
1216 3344 1249 3398 et
1263 3355 1320 3397 ne-

275 3477 344 3545 scio
361 3479 435 3569 quis
446 3501 485 3546 ex
502 3477 740 3564 concionibus,
759 3474 887 3562 calvus,
906 3477 1158 3546 tuberosissimae
1176 3474 1320 3561 frontis,

274 3623 334 3714 qui
348 3620 473 3690 solebat
485 3621 666 3713 aliquando
680 3622 721 3690 ad
735 3647 849 3691 causas
861 3647 968 3715 agere,
980 3607 1145 3689 invaserat
1161 3620 1319 3714 pallium,

274 3765 568 3858 exhibiturumque
586 3768 733 3834 crastino
751 3765 805 3832 die
827 3765 1024 3836 affirmabat.
1044 3768 1199 3833 Ceterum
1215 3790 1320 3858 appa·

274 3909 367 3977 rebat
382 3909 465 3978 nihil
485 3909 576 3977 aliud
594 3911 719 4002 quaeri,
738 3910 801 3976 nisi
819 3923 856 3976 ut
871 3908 968 3976 semel
987 3909 1134 4003 deposita
1150 3911 1249 3976 vestis
1265 3911 1318 3975 in-

275 4066 325 4120 ter
342 4053 514 4148 praedones
534 4052 814 4144 strangularetur,
831 4067 865 4120 et
885 4077 945 4121 nos
966 4067 1055 4121 metu
1076 4054 1225 4121 criminis
1249 4077 1318 4118 non
