2817 4684
280 398 319 472 98
561 400 595 452 r.
615 400 799 457 rmnomr
821 400 1046 456 sarrmcon.

280 549 350 592 rem
367 539 515 592 nostram
531 522 765 592 vindicamus?
786 561 829 580 ι-
845 523 1057 593 Exhilaratus
1070 548 1152 616 ego,
1172 549 1242 592 non
1260 539 1332 596 tan·

279 681 351 736 turn
366 669 444 761 quia
457 666 603 761 praedam
621 668 792 755 videbam,
810 668 997 755 sedetiam,
1012 668 1103 760 quod
1121 668 1261 737 fortuna
1279 695 1333 738 me

278 836 298 880 a
318 812 508 907 turpissima
526 812 715 906 suspicione
729 785 914 901 dimiserat,
930 812 1048 904 negavi
1065 813 1209 880 circuitu
1225 837 1331 904 agen·

278 955 376 1043 dum,
390 956 447 1024 sed
459 954 558 1050 plane
563 956 640 1048 jure
652 955 742 1024 civili
755 955 998 1042 dimicandum,
1021 971 1077 1044 ut,
1096 957 1123 1024 si
1133 955 1240 1026 nollet
1251 956 1331 1026 alie-

277 1127 355 1173 nam
375 1127 444 1171 rem
461 1102 599 1171 domino
620 1101 777 1189 reddere,
794 1102 837 1170 ad
854 1102 1069 1172 interdictum
1088 1105 1228 1171 veniret.

645 1357 814 1425 CAPUT
844 1357 947 1424 XIV.

323 1587 449 1653 Contra
476 1582 626 1678 Ascyltos
649 1584 736 1678 leges
763 1585 920 1672 timebat,
940 1599 992 1654 et:
1013 1587 1176 1674 -Quis,
1195 1587 1324 1674 aiebat,

274 1729 338 1797 hoc
358 1727 431 1797 loco
451 1755 512 1796 nos
531 1728 648 1797 novit?
663 1744 722 1798 aut
742 1731 816 1822 quis
832 1727 969 1798 habebit
986 1729 1174 1799 dicentibus
1196 1731 1324 1799 fidem?

272 1873 359 1943 Mihi
383 1873 481 1968 plane
506 1873 615 1969 placet
641 1899 765 1961 emere,
791 1876 946 1966 quamvis
969 1890 1120 1944 nostrum
1142 1877 1204 1963 sit,
1230 1877 1323 1968 quod

272 2020 499 2110 agnoscimus,
516 2033 548 2087 et
565 2042 670 2113 parvo
685 2044 750 2088 aere
764 2043 960 2113 recuperare
979 2021 1090 2113 potius
1111 2019 1323 2106 thesaurum,

254 2204 257 2209 -
273 2184 373 2255 quam
390 2162 630 2254 inambiguam
646 2162 738 2232 litem
755 2161 964 2232 descendere.
1390 2135 1391 2138 i

369 2354 449 2423 Quid
465 2355 571 2412 faciant
582 2357 673 2430 leges,
688 2356 739 2413 ubi
752 2358 813 2412 sola
826 2357 946 2432 pecunia
959 2368 1078 2431 regnat,

408 2464 467 2518 Aut
479 2461 530 2516 uhi
543 2469 694 2535 paupertas
707 2461 823 2518 vincere
837 2462 917 2518 nulla
934 2459 1048 2534 potest?

371 2563 446 2636 Ipsi,
463 2563 513 2637 qui
526 2563 630 2638 Cynica
647 2564 803 2620 traducunt
820 2575 949 2638 tempora
968 2581 1065 2630 omna,

409 2669 624 2740 Nonnunquam
640 2666 763 2721 nummis
782 2667 907 2722 vendere
925 2667 1012 2721 verbu
1033 2667 1128 2722 solent

367 2767 444 2843 Ergo
458 2770 596 2842 judicium
609 2766 682 2825 nihil
699 2781 758 2838 est,
782 2769 838 2826 nisi
850 2771 964 2845 publica
978 2787 1106 2838 merces,

410 2881 504 2947 Atque
517 2893 617 2947 eques,
636 2874 667 2928 in
680 2892 760 2928 causa
776 2873 824 2947 qui
842 2873 937 2942 sedet,
959 2875 1033 2928 eluta
1051 2873 1164 2948 probat

271 3048 389 3117 -sed
410 3063 530 3142 praeter
546 3065 652 3117 unum
674 3047 904 3142 dupondium,
923 3073 991 3140 quo
1007 3048 1095 3114 cicer
1116 3045 1319 3140 lupinosque

270 3193 552 3261 destinaveramus
564 3194 720 3279 mercari,
735 3189 819 3260 nihil
836 3190 878 3260 ad
898 3216 1035 3259 manum
1050 3204 1129 3260 erat.
1141 3193 1259 3284 ltaque
1275 3217 1318 3260 ne

270 3339 403 3406 interim
424 3338 536 3433 praeda
553 3337 750 3422 discederet,
769 3337 821 3406 vel
846 3339 984 3406 minoris
1005 3336 1142 3432 pallium
1162 3337 1316 3408 addicere

268 3479 414 3573 placuit,
434 3495 472 3548 ut
492 3482 636 3576 pretium
652 3480 788 3572 majoris
806 3478 995 3573 compendii
1016 3477 1175 3550 leviorem
1193 3477 1314 3548 faceret

264 3590 439 3718 jacturam.
450 3625 566 3715 Quum
581 3625 727 3718 primum
743 3648 824 3716 ergo
838 3621 1056 3718 explicuimus
1067 3647 1225 3714 mercem,
1242 3649 1312 3691 rnu-

268 3766 328 3836 lier
342 3785 459 3863 operto
472 3771 589 3864 capite,
605 3794 679 3862 quae
696 3794 773 3837 curn
791 3768 916 3836 rustico
932 3782 1076 3856 steterat,
1095 3769 1250 3862 inspectis
1265 3767 1313 3836 di-

267 3913 422 4006 ligentius
437 3915 551 4006 signis,
567 3913 680 4005 injecit
695 3927 872 4004 utramque
881 3911 1009 3980 laciniae
1020 3937 1168 4001 manum,
1178 3937 1312 4006 magna·

266 4084 332 4151 que
341 4053 593 4144 vociferatione,
607 4055 753 4125 latrones
765 4070 891 4142 tenere,
909 4054 1074 4125 clamavit.
1089 4060 1236 4146 Contra,
1250 4081 1312 4123 nos
