2817 4684
249 412 302 480 154
521 415 555 469 T.
576 414 759 470 PETRONII
779 412 1007 470 SATYRICON.

245 553 278 608 et
295 564 364 606 non
386 539 458 606 vult
483 541 546 607 sihi
572 536 667 608 inale
691 543 809 632 ltaque
828 539 978 632 proxime
1001 563 1077 606 oum
1098 538 1163 608 hoc
1187 537 1290 608 titulo

243 682 436 776 proscripsit
447 709 454 750 :

545 1081 575 1126 G·
599 1081 784 1128 Portemus.
805 1081 987 1127 DIOGENES.

284 1253 287 1256 .
362 1201 417 1244 Ex.
439 1200 623 1245 KALENDIS.
639 1201 758 1246 tuuis.
777 1199 1016 1248 GOENACULUM.
1038 1199 1159 1246 Locar.

519 1321 603 1366 IPSE.
622 1321 723 1367 Enim.
744 1321 887 1367 DOMUM.
910 1321 1005 1367 ΕΜΙΤ.

247 1706 249 1709 ·
290 1651 383 1771 Quid
411 1683 480 1772 ille,
512 1687 569 1777 qui
603 1684 750 1753 libertini
778 1684 852 1753 loco
877 1684 987 1778 jacet?
1012 1683 1221 1777 quambene
1252 1709 1287 1751 se

242 1825 375 1896 habuit!
394 1871 438 1884 —
462 1831 539 1901 Non
557 1831 746 1924 impropero
776 1828 835 1897 illi.
863 1829 1177 1934 Sestertiumqsuum
1202 1825 1289 1894 vidit

243 1973 366 2059 decies3
383 1973 441 2042 sed
454 1973 540 2042 male
552 1972 731 2042 vacillavit.
743 1975 821 2043 Non
839 1989 922 2067 puto
936 1971 1030 2041 illum
1048 1969 1184 2065 capillos
1203 1970 1286 2038 libe-

242 2141 298 2182 ros
309 2115 448 2202 hahere;
461 2142 536 2204 nec,
549 2142 603 2184 me
619 2117 769 2185 hercules
781 2113 789 2184 l
801 2142 859 2184 sua
872 2115 988 2211 culpa,
1002 2119 1074 2211 ipso
1084 2117 1173 2184 enim
1184 2115 1287 2182 homo

244 2259 362 2328 melior
382 2286 450 2329 non
463 2275 533 2348 est,
550 2260 607 2328 sed
624 2259 734 2329 liberti
748 2261 912 2349 scelerati,
933 2263 991 2354 qui
1004 2262 1117 2329 omnia
1135 2261 1179 2328 ad
1194 2286 1227 2328 se
1242 2259 1287 2328 fe-
1386 2345 1387 2354 ἵ

245 2418 373 2472 cerunt.
384 2405 474 2472 Scito
492 2419 618 2492 autem,
632 2407 722 2473 socio
738 2375 842 2498 quum
860 2404 925 2474 olla
939 2405 1024 2474 male
1040 2404 1158 2492 servet,
1177 2419 1210 2473 et
1227 2405 1287 2473 ubi

244 2547 342 2616 semel
356 2572 408 2615 res
424 2546 583 2616 inclinata
596 2563 664 2636 est,
679 2550 778 2616 amici
795 2549 836 2616 de
854 2549 974 2618 medio.
995 2589 1039 2602 -
1054 2553 1097 2616 Et
1106 2573 1207 2640 quam
1224 2527 1287 2615 ho-

243 2708 369 2761 nestam
382 2694 642 2785 negotiationem
655 2694 817 2780 exercuit,
833 2693 923 2785 quod
940 2690 1034 2760 illum
1049 2694 1095 2760 sic
1111 2691 1225 2760 vides?
1241 2731 1286 2744 -

242 2844 338 2931 Ecce,
356 2805 555 2907 liliitinarius
571 2839 645 2908 fuit.
664 2837 797 2908 Solebat
810 2841 857 2906 sic
871 2863 1011 2926 coenare,
1029 2838 1198 2932 quomodo
1210 2864 1286 2906 ren:

244 3009 342 3077 apros
357 2999 565 3076 gausapatos,
581 3009 681 3077 opera
696 2985 845 3077 pistoria,
862 3007 948 3070 aves,
966 3007 1095 3070 cervos,
1112 2984 1228 3075 pisces,
1243 2982 1287 3050 le-

243 3153 360 3222 pores;
377 3127 451 3222 plus
470 3129 540 3196 vini
557 3128 618 3196 sub
636 3152 784 3196 mensam
797 3127 1029 3215 effundebant,
1047 3151 1148 3219 quam
1165 3126 1286 3220 aliquis

244 3275 280 3340 in
292 3271 381 3341 'cella
394 3272 510 3341 habet.
532 3313 576 3328 -
595 3273 793 3359 Phantasia,
820 3297 888 3340 non
912 3272 1023 3340 homo.
1046 3313 1089 3326 -
1115 3270 1288 3340 Inclinatis

245 3443 378 3511 quoque
395 3417 493 3492 rebus
514 3418 599 3504 suis,
618 3441 723 3509 quum
752 3418 899 3503 timeret,
922 3442 963 3484 ne
990 3415 1168 3483 creditores
1195 3412 1288 3481 illum

245 3564 446 3631 conturbare
477 3553 723 3650 existimarent,
755 3563 819 3630 hoc
852 3561 950 3630 titulo
989 3563 1178 3630 auctionem
1207 3585 1286 3653 pro·

165 3702 180 3760 f
247 3711 401 3803 scripsit:

599 3959 728 4004 JULlUS.
749 3958 947 4004 PROCULUS·.

338 4081 554 4129 auctionum.
577 4080 714 4125 netur.
736 4079 868 4124 RERUM.
888 4053 1203 4124 SUPERVACUARUM.
