2817 4684
255 427 312 481 230
530 426 563 479 T.
586 425 767 482 PETRONII
788 424 1012 481 SATYRICON.

253 554 377 621 bantur
389 554 521 641 ardere,
539 570 715 647 totumque
728 552 910 621 triclinium
918 577 987 621 esse
996 565 1179 639 mutatum;
1190 574 1305 643 quum

252 696 473 784 Trimalchio,
492 739 536 753 -
553 698 630 767 Tibi
647 697 744 784 dico,
764 698 893 790 inquit,
913 694 1093 781 Plocrime,
1112 692 1197 761 nihil
1216 718 1301 761 nar·

254 840 331 909 ras?
351 840 435 909 nihil
454 866 515 910 nos
533 839 730 911 delectaris?
747 856 780 909 et
800 840 929 909 solebas
946 840 1055 909 suavis
1076 864 1160 925 esse,
1181 852 1303 907 cantu-

254 986 321 1055 rire
344 984 449 1072 belle,
473 985 623 1055 diverbia
637 985 780 1079 adjicere
798 984 920 1054 melita.
950 980 1040 1053 Heu!
1059 979 1140 1051 heu!
1164 982 1303 1064 abistis,

254 1126 366 1197 dulces
379 1130 549 1197 caricaa-
560 1132 647 1218 lam,
663 1130 773 1222 inquit
786 1127 852 1216 ille,
865 1126 1034 1220 quadrigae
1047 1144 1127 1193 meae
1139 1125 1305 1194 decucur-

254 1286 391 1359 rerunt,
413 1296 453 1339 ex
471 1297 539 1365 quo
560 1270 760 1377 podagricus
776 1270 882 1340 factus
900 1295 992 1338 sum:
1008 1268 1173 1363 alioquin,
1193 1293 1305 1361 quum
1387 1258 1388 1261 ¹

255 1440 357 1485 essem
374 1414 658 1504 adolescentulus,
680 1413 848 1484 cantando
872 1424 970 1519 paene'
988 1413 1174 1515 phthisicus
1192 1410 1302 1479 factus

255 1583 341 1628 sum.
366 1558 460 1650 Quid
484 1557 627 1629 saltare?
653 1558 736 1651 quid
760 1555 931 1627 diverbia?
957 1554 1039 1650 quid
1062 1552 1303 1625 histrioniam?

255 1728 356 1797 quem
371 1728 485 1797 parem
498 1703 622 1790 habui,
640 1704 703 1770 nisi
719 1726 825 1770 unum
844 1698 1049 1795 Apelletem?
1066 1738 1110 1753 -
1128 1700 1304 1792 Apposita·
1387 1774 1388 1803 1

256 1873 321 1942 que
339 1846 382 1915 ad
397 1872 434 1915 os
451 1871 572 1933 manu,
593 1847 704 1916 neseio
727 1846 808 1939 quid
834 1859 957 1913 tetrum
977 1843 1184 1930 exsibilavit,
1208 1842 1304 1937 quod·

255 2007 523 2087 posteagraecum
535 2016 604 2065 esse
616 1990 822 2061 affirmabat:
839 2014 979 2059 necnon
993 1986 1198 2064 Trimalchio
1211 1989 1284 2083 ipse
1290 2038 1303 2073 „

256 2151 361 2227 quum
377 2135 541 2203 tubicines
555 2148 640 2203 esset
657 2136 824 2219 imitatus,
841 2133 884 2201 ad
899 2132 1119 2202 dehciassuas
1132 2134 1303 2227 respexit,

198 2254 201 2259 Ι
258 2306 357 2374 quem
383 2283 534 2350 Croesum
559 2279 756 2380 appellabat.
788 2284 872 2350 Puer
897 2296 1008 2351 autem
1034 2279 1166 2373 lippuS,
1193 2280 1303 2347 sordi-
1387 2370 1388 2373 Ἴ

190 2504 193 2509 ,
258 2429 411 2498 dissimus
440 2428 615 2516 dentibus,
647 2414 799 2506 catellam
829 2430 960 2521 nigram
984 2443 1084 2521 atque
1110 2424 1303 2495 indecenter

258 2584 417 2677 pinguem
437 2582 571 2675 prasina
587 2580 778 2649 involvebat
792 2579 909 2666 fascia,
932 2604 1118 2675 panemque
1135 2579 1303 2649 semissem

257 2730 403 2825 ponebat
430 2754 531 2827 supra
550 2744 680 2816 torum,
704 2745 804 2823 atque
821 2730 901 2815 hac,
928 2752 1050 2797 nausea
1073 2742 1306 2812 recusantem,

259 2877 442 2970 saginabat.
461 2878 539 2967 Quo
557 2877 749 2951 admonitus
768 2872 878 2945 officio
896 2873 1115 2963 Trimalchio,
1135 2872 1306 2967 Scylacem

256 3025 356 3115 jussit
373 3023 511 3110 adduci,
531 3023 722 3117 praesidium
738 3022 855 3093 domus
875 3022 1082 3115 samiliaeque.
1102 3026 1173 3093 Nec
1192 3045 1305 3108 mora,
1387 3022 1388 3099 l

259 3175 404 3268 ingentis
423 3174 537 3243 formae
554 3173 718 3242 adductus
736 3188 784 3242 est
802 3175 910 3260 canis,
931 3188 1048 3260 catena
1066 3175 1217 3259 vinctus3
1245 3173 1303 3241 ad·
1387 3186 1388 3251 ξ

260 3299 472 3415 monitusque
488 3322 614 3400 ostiarii
632 3320 739 3406 calce,
761 3336 798 3389 ut
816 3321 968 3409 cubaret,
995 3336 1072 3389 ante
1094 3346 1244 3390 mensam
1269 3346 1306 3389 se
1387 3356 1388 3407 l

261 3473 381 3566 posuit.
401 3474 488 3540 Tum
511 3467 729 3555 Trimalchio,
744 3471 877 3561 jactans.
900 3469 1080 3563 candidum
1103 3495 1240 3575 panem,
1257 3510 1304 3533 -,
1387 3540 1388 3571 ,

259 3621 383 3705 Nemo,
399 3618 529 3710 inquit,
547 3616 582 3685 in
599 3616 699 3686 domo
713 3642 786 3686 mm
803 3642 855 3685 me
869 3616 945 3711 plus
960 3632 1060 3685 amat.
1079 3658 1127 3669 -
1143 3616 1303 3709 Indigna·

261 3786 314 3842 tus
336 3792 436 3861 puer,
454 3765 544 3860 quod
561 3764 729 3859 Scylacem
747 3780 816 3832 tam
834 3765 938 3835 effuse
955 3764 1134 3853 laudaret„
1152 3763 1304 3842 catellam
1387 3800 1388 3873 p

261 3920 295 3985 in
314 3930 436 3994 terram
450 3914 619 4009 deposuit,
643 3914 877 4007 hortatusque,
899 3928 936 3983 ut
956 3912 999 3981 ad
1020 3916 1125 3987 rixam
1147 3939 1305 4009 properae.

260 4080 330 4145 ret:
351 4063 482 4155 Scylax,
507 4066 627 4133 canino
649 4062 773 4131 scilicet
793 4081 871 4130 usus
890 4064 1040 4154 ingenio,
1069 4064 1239 4139 teterrimo.
1256 4061 1286 4141 la
1387 4046 1388 4077 ³
