<?xml version="1.0" encoding="UTF-8"?>
<!DOCTYPE html PUBLIC "-//W3C//DTD XHTML 1.0 Transitional//EN"
    "http://www.w3.org/TR/xhtml1/DTD/xhtml1-transitional.dtd">
<html xmlns="http://www.w3.org/1999/xhtml" xml:lang="en" lang="en">
 <head>
  <title>
</title>
<meta http-equiv="Content-Type" content="text/html;charset=utf-8" />
  <meta name='ocr-system' content='tesseract 3.04.00' />
  <meta name='ocr-capabilities' content='ocr_page ocr_carea ocr_par ocr_line ocrx_word'/>
</head>
<body>
  <div class='ocr_page' id='page_1' title='image "./lesatyricondetp00conggoog_0257.png"; bbox 0 0 2817 4684; ppageno 0'>
   <div class='ocr_carea' id='block_1_1' title="bbox 241 347 1283 1866">
    <p class='ocr_par' dir='ltr' id='par_1_1' title="bbox 249 347 1004 413">
     <span class='ocr_line' id='line_1_1' title="bbox 249 347 1004 413; baseline 0.005 -6"><span class='ocrx_word' id='word_1_1' title='bbox 249 351 306 407; x_wconf 75' lang='lat'><strong>²56</strong></span> <span class='ocrx_word' id='word_1_2' title='bbox 423 347 427 352; x_wconf 51' lang='grc'><strong>’</strong></span> <span class='ocrx_word' id='word_1_3' title='bbox 527 355 560 408; x_wconf 88' lang='grc' dir='ltr'><strong>Τ.</strong></span> <span class='ocrx_word' id='word_1_4' title='bbox 582 354 763 409; x_wconf 76' lang='lat' dir='ltr'><strong>PETltotttl</strong></span> <span class='ocrx_word' id='word_1_5' title='bbox 782 355 1004 413; x_wconf 78' lang='lat' dir='ltr'><strong>SATYRICON.</strong></span> 
     </span>
    </p>

    <p class='ocr_par' dir='ltr' id='par_1_2' title="bbox 241 479 1283 1866">
     <span class='ocr_line' id='line_1_2' title="bbox 246 479 1278 579; baseline 0.007 -29"><span class='ocrx_word' id='word_1_6' title='bbox 246 479 522 551; x_wconf 83' lang='lat' dir='ltr'><strong>Trimalchionem</strong></span> <span class='ocrx_word' id='word_1_7' title='bbox 542 482 740 575; x_wconf 83' lang='lat' dir='ltr'><strong>gaudentem</strong></span> <span class='ocrx_word' id='word_1_8' title='bbox 758 482 922 576; x_wconf 80' lang='lat' dir='ltr'><strong>subsequi.</strong></span> <span class='ocrx_word' id='word_1_9' title='bbox 945 488 1017 578; x_wconf 83' lang='lat' dir='ltr'><strong>Ego</strong></span> <span class='ocrx_word' id='word_1_10' title='bbox 1037 486 1216 579; x_wconf 74' lang='lat' dir='ltr'><strong>respiciens</strong></span> <span class='ocrx_word' id='word_1_11' title='bbox 1237 489 1278 557; x_wconf 88' lang='lat' dir='ltr'><strong>ad</strong></span> 
     </span>
     <span class='ocr_line' id='line_1_3' title="bbox 244 624 1279 719; baseline 0.004 -25"><span class='ocrx_word' id='word_1_12' title='bbox 244 624 417 717; x_wconf 80' lang='lat' dir='ltr'><strong>Ascylton,</strong></span> <span class='ocrx_word' id='word_1_13' title='bbox 432 624 580 711; x_wconf 90' lang='lat' dir='ltr'><strong>-Quid</strong></span> <span class='ocrx_word' id='word_1_14' title='bbox 596 624 743 717; x_wconf 80' lang='lat' dir='ltr'><strong>cogitas?</strong></span> <span class='ocrx_word' id='word_1_15' title='bbox 756 627 892 719; x_wconf 90' lang='lat' dir='ltr'><strong>inquam</strong></span> <span class='ocrx_word' id='word_1_16' title='bbox 908 652 916 695; x_wconf 93' lang='lat'><strong>:</strong></span> <span class='ocrx_word' id='word_1_17' title='bbox 932 650 992 719; x_wconf 91' lang='lat' dir='ltr'><strong>ego</strong></span> <span class='ocrx_word' id='word_1_18' title='bbox 1007 630 1111 712; x_wconf 90' lang='lat' dir='ltr'><strong>enim,</strong></span> <span class='ocrx_word' id='word_1_19' title='bbox 1125 631 1152 697; x_wconf 93' lang='lat' dir='ltr'><strong>si</strong></span> <span class='ocrx_word' id='word_1_20' title='bbox 1166 630 1279 698; x_wconf 89' lang='lat' dir='ltr'><strong>videro</strong></span> 
     </span>
     <span class='ocr_line' id='line_1_4' title="bbox 244 767 1279 877; baseline 0.004 -42"><span class='ocrx_word' id='word_1_21' title='bbox 244 767 418 877; x_wconf 85' lang='lat' dir='ltr'><strong>balneum,</strong></span> <span class='ocrx_word' id='word_1_22' title='bbox 441 768 551 835; x_wconf 88' lang='lat' dir='ltr'><strong>statim</strong></span> <span class='ocrx_word' id='word_1_23' title='bbox 570 768 753 861; x_wconf 84' lang='lat' dir='ltr'><strong>exspirabo.</strong></span> <span class='ocrx_word' id='word_1_24' title='bbox 770 804 813 819; x_wconf 93' lang='lat'>—</span> <span class='ocrx_word' id='word_1_25' title='bbox 829 771 1055 857; x_wconf 80' lang='lat' dir='ltr'><strong>Assentemur,</strong></span> <span class='ocrx_word' id='word_1_26' title='bbox 1080 772 1128 839; x_wconf 90' lang='lat' dir='ltr'><strong>ait</strong></span> <span class='ocrx_word' id='word_1_27' title='bbox 1153 770 1224 859; x_wconf 89' lang='lat' dir='ltr'><strong>ille,</strong></span> <span class='ocrx_word' id='word_1_28' title='bbox 1247 788 1279 841; x_wconf 89' lang='lat' dir='ltr'><strong>et</strong></span> 
     </span>
     <span class='ocr_line' id='line_1_5' title="bbox 244 904 1278 1005; baseline 0.006 -28"><span class='ocrx_word' id='word_1_29' title='bbox 244 912 323 978; x_wconf 91' lang='lat' dir='ltr'><strong>dum</strong></span> <span class='ocrx_word' id='word_1_30' title='bbox 340 910 387 978; x_wconf 92' lang='lat' dir='ltr'><strong>illi</strong></span> <span class='ocrx_word' id='word_1_31' title='bbox 401 910 556 981; x_wconf 90' lang='lat' dir='ltr'><strong>balneum</strong></span> <span class='ocrx_word' id='word_1_32' title='bbox 568 904 776 1005; x_wconf 75' lang='lat' dir='ltr'><strong>petunt,&#39;nos</strong></span> <span class='ocrx_word' id='word_1_33' title='bbox 789 912 824 979; x_wconf 90' lang='lat' dir='ltr'><strong>in</strong></span> <span class='ocrx_word' id='word_1_34' title='bbox 838 912 934 979; x_wconf 89' lang='lat' dir='ltr'><strong>turba</strong></span> <span class='ocrx_word' id='word_1_35' title='bbox 944 937 1156 981; x_wconf 89' lang='lat' dir='ltr'><strong>exeamus.—</strong></span> <span class='ocrx_word' id='word_1_36' title='bbox 1165 916 1278 1001; x_wconf 87' lang='lat' dir='ltr'><strong>Quum</strong></span> 
     </span>
     <span class='ocr_line' id='line_1_6' title="bbox 243 1054 1278 1149; baseline 0.003 -27"><span class='ocrx_word' id='word_1_37' title='bbox 243 1055 313 1123; x_wconf 85' lang='lat' dir='ltr'><strong>haec</strong></span> <span class='ocrx_word' id='word_1_38' title='bbox 323 1055 531 1148; x_wconf 82' lang='lat' dir='ltr'><strong>placuissent,</strong></span> <span class='ocrx_word' id='word_1_39' title='bbox 542 1054 682 1123; x_wconf 89' lang='lat' dir='ltr'><strong>ducente</strong></span> <span class='ocrx_word' id='word_1_40' title='bbox 688 1079 748 1148; x_wconf 89' lang='lat' dir='ltr'><strong>per</strong></span> <span class='ocrx_word' id='word_1_41' title='bbox 759 1056 924 1147; x_wconf 90' lang='lat' dir='ltr'><strong>porticum</strong></span> <span class='ocrx_word' id='word_1_42' title='bbox 940 1056 1073 1142; x_wconf 90' lang='lat' dir='ltr'><strong>Gitone,</strong></span> <span class='ocrx_word' id='word_1_43' title='bbox 1090 1056 1133 1125; x_wconf 89' lang='lat' dir='ltr'><strong>ad</strong></span> <span class='ocrx_word' id='word_1_44' title='bbox 1142 1058 1278 1149; x_wconf 86' lang='lat' dir='ltr'><strong>januam</strong></span> 
     </span>
     <span class='ocr_line' id='line_1_7' title="bbox 243 1168 1281 1270; baseline 0.004 -4"><span class='ocrx_word' id='word_1_45' title='bbox 243 1200 393 1267; x_wconf 87' lang='lat' dir='ltr'><strong>venimus</strong></span> <span class='ocrx_word' id='word_1_46' title='bbox 412 1224 420 1265; x_wconf 95' lang='lat'><strong>:</strong></span> <span class='ocrx_word' id='word_1_47' title='bbox 441 1198 499 1266; x_wconf 93' lang='lat' dir='ltr'><strong>ubi</strong></span> <span class='ocrx_word' id='word_1_48' title='bbox 518 1198 610 1266; x_wconf 86' lang='lat' dir='ltr'><strong>canis</strong></span> <span class='ocrx_word' id='word_1_49' title='bbox 626 1198 812 1265; x_wconf 82' lang='lat' dir='ltr'><strong>catenarius</strong></span> <span class='ocrx_word' id='word_1_50' title='bbox 834 1211 927 1265; x_wconf 89' lang='lat' dir='ltr'><strong>tanto</strong></span> <span class='ocrx_word' id='word_1_51' title='bbox 948 1168 1010 1267; x_wconf 87' lang='lat' dir='ltr'><strong>nos</strong></span> <span class='ocrx_word' id='word_1_52' title='bbox 1027 1199 1172 1269; x_wconf 89' lang='lat' dir='ltr'><strong>tumultu</strong></span> <span class='ocrx_word' id='word_1_53' title='bbox 1189 1226 1281 1270; x_wconf 83' lang='lat' dir='ltr'><strong>exce·</strong></span> 
     </span>
     <span class='ocr_line' id='line_1_8' title="bbox 242 1338 1278 1438; baseline 0.004 -27"><span class='ocrx_word' id='word_1_54' title='bbox 242 1346 310 1438; x_wconf 94' lang='lat' dir='ltr'><strong>pit,</strong></span> <span class='ocrx_word' id='word_1_55' title='bbox 329 1357 367 1411; x_wconf 92' lang='lat' dir='ltr'><strong>ut</strong></span> <span class='ocrx_word' id='word_1_56' title='bbox 390 1341 538 1435; x_wconf 81' lang='lat' dir='ltr'><strong>Ascyltos</strong></span> <span class='ocrx_word' id='word_1_57' title='bbox 563 1343 661 1410; x_wconf 90' lang='lat' dir='ltr'><strong>etiam</strong></span> <span class='ocrx_word' id='word_1_58' title='bbox 690 1344 726 1411; x_wconf 92' lang='lat' dir='ltr'><strong>in</strong></span> <span class='ocrx_word' id='word_1_59' title='bbox 744 1343 905 1435; x_wconf 87' lang='lat' dir='ltr'><strong>piscinam</strong></span> <span class='ocrx_word' id='word_1_60' title='bbox 933 1338 1097 1413; x_wconf 78' lang='lat' dir='ltr'><strong>ceciderit.</strong></span> <span class='ocrx_word' id='word_1_61' title='bbox 1120 1347 1190 1414; x_wconf 88' lang='lat' dir='ltr'><strong>Nec</strong></span> <span class='ocrx_word' id='word_1_62' title='bbox 1211 1371 1278 1415; x_wconf 92' lang='lat' dir='ltr'><strong>non</strong></span> 
     </span>
     <span class='ocr_line' id='line_1_9' title="bbox 242 1487 1279 1596; baseline 0 -39"><span class='ocrx_word' id='word_1_63' title='bbox 242 1514 303 1581; x_wconf 92' lang='lat' dir='ltr'><strong>ego</strong></span> <span class='ocrx_word' id='word_1_64' title='bbox 322 1513 453 1581; x_wconf 90' lang='lat' dir='ltr'><strong>quoque</strong></span> <span class='ocrx_word' id='word_1_65' title='bbox 468 1488 599 1573; x_wconf 90' lang='lat' dir='ltr'><strong>ebrius,</strong></span> <span class='ocrx_word' id='word_1_66' title='bbox 617 1489 675 1579; x_wconf 89' lang='lat' dir='ltr'><strong>qui</strong></span> <span class='ocrx_word' id='word_1_67' title='bbox 691 1487 790 1556; x_wconf 90' lang='lat' dir='ltr'><strong>etiam</strong></span> <span class='ocrx_word' id='word_1_68' title='bbox 808 1488 934 1580; x_wconf 87' lang='lat' dir='ltr'><strong>pictum</strong></span> <span class='ocrx_word' id='word_1_69' title='bbox 954 1488 1127 1557; x_wconf 87' lang='lat' dir='ltr'><strong>timueram</strong></span> <span class='ocrx_word' id='word_1_70' title='bbox 1144 1514 1279 1596; x_wconf 79' lang='lat' dir='ltr'><strong>canem,</strong></span> 
     </span>
     <span class='ocr_line' id='line_1_10' title="bbox 243 1628 1282 1725; baseline 0.003 -27"><span class='ocrx_word' id='word_1_71' title='bbox 243 1633 323 1700; x_wconf 91' lang='lat' dir='ltr'><strong>dum</strong></span> <span class='ocrx_word' id='word_1_72' title='bbox 344 1633 472 1699; x_wconf 85' lang='lat' dir='ltr'><strong>natanti</strong></span> <span class='ocrx_word' id='word_1_73' title='bbox 494 1655 591 1724; x_wconf 89' lang='lat' dir='ltr'><strong>opem</strong></span> <span class='ocrx_word' id='word_1_74' title='bbox 619 1629 707 1716; x_wconf 89' lang='lat' dir='ltr'><strong>fero,</strong></span> <span class='ocrx_word' id='word_1_75' title='bbox 737 1630 772 1699; x_wconf 90' lang='lat' dir='ltr'><strong>in</strong></span> <span class='ocrx_word' id='word_1_76' title='bbox 796 1628 947 1703; x_wconf 90' lang='lat' dir='ltr'><strong>eumdem</strong></span> <span class='ocrx_word' id='word_1_77' title='bbox 965 1632 1129 1725; x_wconf 81' lang='lat' dir='ltr'><strong>gurgitem</strong></span> <span class='ocrx_word' id='word_1_78' title='bbox 1155 1648 1282 1701; x_wconf 91' lang='lat' dir='ltr'><strong>tractus</strong></span> 
     </span>
     <span class='ocr_line' id='line_1_11' title="bbox 241 1774 1283 1866; baseline 0.001 -23"><span class='ocrx_word' id='word_1_79' title='bbox 241 1801 326 1844; x_wconf 91' lang='lat' dir='ltr'><strong>sum.</strong></span> <span class='ocrx_word' id='word_1_80' title='bbox 343 1776 493 1844; x_wconf 86' lang='lat' dir='ltr'><strong>Servavit</strong></span> <span class='ocrx_word' id='word_1_81' title='bbox 508 1800 569 1844; x_wconf 92' lang='lat' dir='ltr'><strong>nos</strong></span> <span class='ocrx_word' id='word_1_82' title='bbox 587 1787 696 1843; x_wconf 85' lang='lat' dir='ltr'><strong>tamen</strong></span> <span class='ocrx_word' id='word_1_83' title='bbox 710 1775 882 1859; x_wconf 89' lang='lat' dir='ltr'><strong>atriensis,</strong></span> <span class='ocrx_word' id='word_1_84' title='bbox 900 1774 975 1866; x_wconf 91' lang='lat' dir='ltr'><strong>qui,</strong></span> <span class='ocrx_word' id='word_1_85' title='bbox 998 1774 1187 1845; x_wconf 90' lang='lat' dir='ltr'><strong>interventu</strong></span> <span class='ocrx_word' id='word_1_86' title='bbox 1202 1801 1262 1845; x_wconf 89' lang='lat' dir='ltr'><strong>suo</strong></span> <span class='ocrx_word' id='word_1_87' title='bbox 1269 1820 1283 1861; x_wconf 93' lang='lat'><strong>,-</strong></span> 
     </span>
    </p>
   </div>
   <div class='ocr_carea' id='block_1_2' title="bbox 243 1918 1278 2013">
    <p class='ocr_par' dir='ltr' id='par_1_3' title="bbox 243 1918 1278 2013">
     <span class='ocr_line' id='line_1_12' title="bbox 243 1918 1278 2013; baseline -0.001 -25"><span class='ocrx_word' id='word_1_88' title='bbox 243 1935 277 1988; x_wconf 91' lang='lat' dir='ltr'><strong>et</strong></span> <span class='ocrx_word' id='word_1_89' title='bbox 293 1944 407 1988; x_wconf 85' lang='lat' dir='ltr'><strong>canem</strong></span> <span class='ocrx_word' id='word_1_90' title='bbox 429 1918 588 2013; x_wconf 88' lang='lat' dir='ltr'><strong>placavit,</strong></span> <span class='ocrx_word' id='word_1_91' title='bbox 607 1933 640 1987; x_wconf 88' lang='lat' dir='ltr'><strong>et</strong></span> <span class='ocrx_word' id='word_1_92' title='bbox 656 1943 718 1987; x_wconf 90' lang='lat' dir='ltr'><strong>nos</strong></span> <span class='ocrx_word' id='word_1_93' title='bbox 736 1932 910 1986; x_wconf 88' lang='lat' dir='ltr'><strong>trementes</strong></span> <span class='ocrx_word' id='word_1_94' title='bbox 932 1920 1071 1986; x_wconf 83' lang='lat' dir='ltr'><strong>extraxit</strong></span> <span class='ocrx_word' id='word_1_95' title='bbox 1090 1921 1124 1987; x_wconf 91' lang='lat' dir='ltr'><strong>in</strong></span> <span class='ocrx_word' id='word_1_96' title='bbox 1144 1921 1278 1987; x_wconf 90' lang='lat' dir='ltr'><strong>siccum.</strong></span> 
     </span>
    </p>
   </div>
   <div class='ocr_carea' id='block_1_3' title="bbox 176 2060 1281 2157">
    <p class='ocr_par' dir='ltr' id='par_1_4' title="bbox 176 2060 1281 2157">
     <span class='ocr_line' id='line_1_13' title="bbox 176 2060 1281 2157; baseline 0 -26"><span class='ocrx_word' id='word_1_97' title='bbox 176 2109 179 2115; x_wconf 89' lang='lat'>-</span> <span class='ocrx_word' id='word_1_98' title='bbox 244 2068 288 2131; x_wconf 90' lang='lat' dir='ltr'><strong>Et</strong></span> <span class='ocrx_word' id='word_1_99' title='bbox 304 2066 407 2131; x_wconf 89' lang='lat' dir='ltr'><strong>Giton</strong></span> <span class='ocrx_word' id='word_1_100' title='bbox 425 2063 558 2156; x_wconf 90' lang='lat' dir='ltr'><strong>quidem</strong></span> <span class='ocrx_word' id='word_1_101' title='bbox 574 2060 771 2157; x_wconf 87' lang='lat' dir='ltr'><strong>jamdudum</strong></span> <span class='ocrx_word' id='word_1_102' title='bbox 793 2087 826 2130; x_wconf 89' lang='lat' dir='ltr'><strong>se</strong></span> <span class='ocrx_word' id='word_1_103' title='bbox 844 2063 972 2132; x_wconf 89' lang='lat' dir='ltr'><strong>ratione</strong></span> <span class='ocrx_word' id='word_1_104' title='bbox 984 2064 1173 2131; x_wconf 88' lang='lat' dir='ltr'><strong>acutissima</strong></span> <span class='ocrx_word' id='word_1_105' title='bbox 1189 2063 1281 2131; x_wconf 89' lang='lat' dir='ltr'><strong>rede·</strong></span> 
     </span>
    </p>
   </div>
   <div class='ocr_carea' id='block_1_4' title="bbox 244 2204 1393 2299">
    <p class='ocr_par' dir='ltr' id='par_1_5' title="bbox 244 2204 1393 2299">
     <span class='ocr_line' id='line_1_14' title="bbox 244 2204 1393 2299; baseline 0.001 -26"><span class='ocrx_word' id='word_1_106' title='bbox 244 2220 350 2274; x_wconf 89' lang='lat' dir='ltr'><strong>merat</strong></span> <span class='ocrx_word' id='word_1_107' title='bbox 367 2231 501 2293; x_wconf 85' lang='lat' dir='ltr'><strong>acane:</strong></span> <span class='ocrx_word' id='word_1_108' title='bbox 511 2204 674 2298; x_wconf 91' lang='lat' dir='ltr'><strong>quidquid</strong></span> <span class='ocrx_word' id='word_1_109' title='bbox 689 2206 778 2273; x_wconf 91' lang='lat' dir='ltr'><strong>enim</strong></span> <span class='ocrx_word' id='word_1_110' title='bbox 792 2231 812 2273; x_wconf 92' lang='lat' dir='ltr'><strong>a</strong></span> <span class='ocrx_word' id='word_1_111' title='bbox 825 2206 920 2273; x_wconf 90' lang='lat' dir='ltr'><strong>nobis</strong></span> <span class='ocrx_word' id='word_1_112' title='bbox 931 2218 1100 2299; x_wconf 89' lang='lat' dir='ltr'><strong>acceperat</strong></span> <span class='ocrx_word' id='word_1_113' title='bbox 1115 2205 1157 2274; x_wconf 90' lang='lat' dir='ltr'><strong>dc</strong></span> <span class='ocrx_word' id='word_1_114' title='bbox 1169 2222 1280 2293; x_wconf 86' lang='lat' dir='ltr'><strong>ooena,</strong></span> <span class='ocrx_word' id='word_1_115' title='bbox 1392 2204 1393 2229; x_wconf 63' lang='lat'>¹</span> 
     </span>
    </p>
   </div>
   <div class='ocr_carea' id='block_1_5' title="bbox 242 2345 1280 2877">
    <p class='ocr_par' dir='ltr' id='par_1_6' title="bbox 242 2345 1280 2877">
     <span class='ocr_line' id='line_1_15' title="bbox 244 2345 1280 2443; baseline -0.001 -26"><span class='ocrx_word' id='word_1_116' title='bbox 244 2348 378 2417; x_wconf 89' lang='lat' dir='ltr'><strong>latranti</strong></span> <span class='ocrx_word' id='word_1_117' title='bbox 396 2360 569 2442; x_wconf 74' lang='lat' dir='ltr'><strong>sparserat</strong></span> <span class='ocrx_word' id='word_1_118' title='bbox 587 2348 632 2415; x_wconf 85' lang='lat' dir='ltr'><strong>At</strong></span> <span class='ocrx_word' id='word_1_119' title='bbox 653 2345 726 2435; x_wconf 91' lang='lat' dir='ltr'><strong>ille,</strong></span> <span class='ocrx_word' id='word_1_120' title='bbox 743 2362 901 2423; x_wconf 85' lang='lat' dir='ltr'><strong>avocatus</strong></span> <span class='ocrx_word' id='word_1_121' title='bbox 919 2347 1011 2435; x_wconf 90' lang='lat' dir='ltr'><strong>cibo,</strong></span> <span class='ocrx_word' id='word_1_122' title='bbox 1032 2347 1179 2417; x_wconf 83' lang='lat' dir='ltr'><strong>furorem</strong></span> <span class='ocrx_word' id='word_1_123' title='bbox 1205 2373 1280 2443; x_wconf 90' lang='lat' dir='ltr'><strong>sup·</strong></span> 
     </span>
     <span class='ocr_line' id='line_1_16' title="bbox 244 2470 1279 2587; baseline 0 -27"><span class='ocrx_word' id='word_1_124' title='bbox 244 2506 416 2587; x_wconf 89' lang='lat' dir='ltr'><strong>presserat.</strong></span> <span class='ocrx_word' id='word_1_125' title='bbox 431 2474 605 2577; x_wconf 87' lang='lat' dir='ltr'><strong>Ceterum,</strong></span> <span class='ocrx_word' id='word_1_126' title='bbox 618 2515 721 2582; x_wconf 91' lang='lat' dir='ltr'><strong>quum</strong></span> <span class='ocrx_word' id='word_1_127' title='bbox 738 2470 884 2583; x_wconf 83' lang='lat' dir='ltr'><strong>algentes</strong></span> <span class='ocrx_word' id='word_1_128' title='bbox 896 2492 1010 2583; x_wconf 89' lang='lat' dir='ltr'><strong>utique</strong></span> <span class='ocrx_word' id='word_1_129' title='bbox 1027 2492 1220 2585; x_wconf 86' lang='lat' dir='ltr'><strong>petissemus</strong></span> <span class='ocrx_word' id='word_1_130' title='bbox 1236 2493 1279 2560; x_wconf 91' lang='lat' dir='ltr'><strong>ab</strong></span> 
     </span>
     <span class='ocr_line' id='line_1_17' title="bbox 242 2634 1278 2727; baseline -0.003 -21"><span class='ocrx_word' id='word_1_131' title='bbox 242 2640 384 2707; x_wconf 89' lang='lat' dir='ltr'><strong>atriense</strong></span> <span class='ocrx_word' id='word_1_132' title='bbox 394 2688 404 2722; x_wconf 92' lang='lat'><strong>,</strong></span> <span class='ocrx_word' id='word_1_133' title='bbox 422 2649 460 2705; x_wconf 86' lang='lat' dir='ltr'><strong>ut</strong></span> <span class='ocrx_word' id='word_1_134' title='bbox 479 2660 539 2704; x_wconf 88' lang='lat' dir='ltr'><strong>nos</strong></span> <span class='ocrx_word' id='word_1_135' title='bbox 556 2650 648 2703; x_wconf 87' lang='lat' dir='ltr'><strong>extra</strong></span> <span class='ocrx_word' id='word_1_136' title='bbox 660 2634 795 2727; x_wconf 87' lang='lat' dir='ltr'><strong>januam</strong></span> <span class='ocrx_word' id='word_1_137' title='bbox 827 2635 991 2703; x_wconf 85' lang='lat' dir='ltr'><strong>emitteret</strong></span> <span class='ocrx_word' id='word_1_138' title='bbox 1008 2638 1206 2722; x_wconf 78' lang='lat' dir='ltr'><strong>2—E1ras,</strong></span> <span class='ocrx_word' id='word_1_139' title='bbox 1225 2638 1278 2704; x_wconf 91' lang='lat' dir='ltr'><strong>in·</strong></span> 
     </span>
     <span class='ocr_line' id='line_1_18' title="bbox 244 2778 1280 2877; baseline 0 -29"><span class='ocrx_word' id='word_1_140' title='bbox 244 2783 336 2875; x_wconf 89' lang='lat' dir='ltr'><strong>quit,</strong></span> <span class='ocrx_word' id='word_1_141' title='bbox 359 2780 386 2848; x_wconf 86' lang='lat' dir='ltr'><strong>si</strong></span> <span class='ocrx_word' id='word_1_142' title='bbox 405 2793 519 2873; x_wconf 88' lang='lat' dir='ltr'><strong>putas,</strong></span> <span class='ocrx_word' id='word_1_143' title='bbox 537 2793 570 2846; x_wconf 90' lang='lat' dir='ltr'><strong>te</strong></span> <span class='ocrx_word' id='word_1_144' title='bbox 593 2780 681 2846; x_wconf 84' lang='lat' dir='ltr'><strong>exire</strong></span> <span class='ocrx_word' id='word_1_145' title='bbox 706 2778 768 2847; x_wconf 89' lang='lat' dir='ltr'><strong>hac</strong></span> <span class='ocrx_word' id='word_1_146' title='bbox 789 2802 903 2871; x_wconf 90' lang='lat' dir='ltr'><strong>posse,</strong></span> <span class='ocrx_word' id='word_1_147' title='bbox 932 2802 998 2870; x_wconf 89' lang='lat' dir='ltr'><strong>qua</strong></span> <span class='ocrx_word' id='word_1_148' title='bbox 1023 2780 1153 2877; x_wconf 83' lang='lat' dir='ltr'><strong>venisti.</strong></span> <span class='ocrx_word' id='word_1_149' title='bbox 1172 2782 1280 2849; x_wconf 89' lang='lat' dir='ltr'><strong>Nemo</strong></span> 
     </span>
    </p>
   </div>
   <div class='ocr_carea' id='block_1_6' title="bbox 243 2920 1277 3018">
    <p class='ocr_par' dir='ltr' id='par_1_7' title="bbox 243 2920 1277 3018">
     <span class='ocr_line' id='line_1_19' title="bbox 243 2920 1277 3018; baseline -0.004 -24"><span class='ocrx_word' id='word_1_150' title='bbox 243 2950 392 3018; x_wconf 90' lang='lat' dir='ltr'><strong>unquam</strong></span> <span class='ocrx_word' id='word_1_151' title='bbox 412 2924 627 2991; x_wconf 89' lang='lat' dir='ltr'><strong>convivarum</strong></span> <span class='ocrx_word' id='word_1_152' title='bbox 650 2947 710 3015; x_wconf 89' lang='lat' dir='ltr'><strong>per</strong></span> <span class='ocrx_word' id='word_1_153' title='bbox 731 2920 881 2989; x_wconf 92' lang='lat' dir='ltr'><strong>eamdem</strong></span> <span class='ocrx_word' id='word_1_154' title='bbox 896 2922 1034 3014; x_wconf 91' lang='lat' dir='ltr'><strong>januam</strong></span> <span class='ocrx_word' id='word_1_155' title='bbox 1053 2924 1191 2991; x_wconf 89' lang='lat' dir='ltr'><strong>emissus</strong></span> <span class='ocrx_word' id='word_1_156' title='bbox 1208 2938 1277 2991; x_wconf 90' lang='lat' dir='ltr'><strong>est:</strong></span> 
     </span>
    </p>
   </div>
   <div class='ocr_carea' id='block_1_7' title="bbox 152 3065 701 3154">
    <p class='ocr_par' dir='ltr' id='par_1_8' title="bbox 152 3065 701 3154">
     <span class='ocr_line' id='line_1_20' title="bbox 152 3065 701 3154; baseline -0.011 -15"><span class='ocrx_word' id='word_1_157' title='bbox 152 3146 155 3151; x_wconf 54' lang='grc'><strong>,</strong></span> <span class='ocrx_word' id='word_1_158' title='bbox 246 3068 311 3139; x_wconf 67' lang='lat' dir='ltr'><strong>elia</strong></span> <span class='ocrx_word' id='word_1_159' title='bbox 329 3070 470 3154; x_wconf 88' lang='lat' dir='ltr'><strong>intrant,</strong></span> <span class='ocrx_word' id='word_1_160' title='bbox 488 3065 553 3136; x_wconf 89' lang='lat' dir='ltr'><strong>alia</strong></span> <span class='ocrx_word' id='word_1_161' title='bbox 571 3080 701 3135; x_wconf 86' lang='lat' dir='ltr'><strong>exeunt.</strong></span> 
     </span>
    </p>
   </div>
   <div class='ocr_carea' id='block_1_8' title="bbox 560 3820 939 3915">
    <p class='ocr_par' dir='ltr' id='par_1_9' title="bbox 560 3820 939 3915">
     <span class='ocr_line' id='line_1_21' title="bbox 560 3820 939 3915; baseline -0.011 -21"><span class='ocrx_word' id='word_1_162' title='bbox 560 3824 728 3896; x_wconf 68' lang='lat' dir='ltr'><strong>(meur</strong></span> <span class='ocrx_word' id='word_1_163' title='bbox 759 3820 939 3915; x_wconf 73' lang='lat' dir='ltr'><strong>exxur.</strong></span> 
     </span>
    </p>
   </div>
   <div class='ocr_carea' id='block_1_9' title="bbox 282 4008 1391 4111">
    <p class='ocr_par' dir='ltr' id='par_1_10' title="bbox 282 4008 1391 4111">
     <span class='ocr_line' id='line_1_22' title="bbox 282 4008 1391 4111; baseline -0.016 -21"><span class='ocrx_word' id='word_1_164' title='bbox 282 4020 388 4111; x_wconf 59' lang='lat' dir='ltr'><strong>rQuid</strong></span> <span class='ocrx_word' id='word_1_165' title='bbox 411 4020 587 4089; x_wconf 84' lang='lat' dir='ltr'><strong>faciamus?</strong></span> <span class='ocrx_word' id='word_1_166' title='bbox 612 4019 762 4087; x_wconf 88' lang='lat' dir='ltr'><strong>homines</strong></span> <span class='ocrx_word' id='word_1_167' title='bbox 786 4016 979 4099; x_wconf 88' lang='lat' dir='ltr'><strong>miserrimi,</strong></span> <span class='ocrx_word' id='word_1_168' title='bbox 1000 4026 1034 4082; x_wconf 89' lang='lat' dir='ltr'><strong>et</strong></span> <span class='ocrx_word' id='word_1_169' title='bbox 1051 4010 1130 4079; x_wconf 91' lang='lat' dir='ltr'><strong>novi</strong></span> <span class='ocrx_word' id='word_1_170' title='bbox 1150 4008 1278 4101; x_wconf 83' lang='lat' dir='ltr'><strong>generis</strong></span> <span class='ocrx_word' id='word_1_171' title='bbox 1387 4046 1391 4071; x_wconf 60' lang='grc' dir='ltr'>ι</span> 
     </span>
    </p>
   </div>
   <div class='ocr_carea' id='block_1_10' title="bbox 0 0 1414 4684">
    <p class='ocr_par' dir='ltr' id='par_1_11' title="bbox 0 0 1414 4684">
     <span class='ocr_line' id='line_1_23' title="bbox 0 0 1414 4684; baseline 0 0"><span class='ocrx_word' id='word_1_172' title='bbox 0 0 1414 4684; x_wconf 95' lang='lat' dir='ltr'><strong> </strong></span> 
     </span>
    </p>
   </div>
  </div>
 </body>
</html>
