2817 4684
246 395 285 450 88
517 399 551 452 Τ.
572 397 752 452 ratuottn
773 395 997 452 sartatecta.

244 523 336 590 Dum
352 521 526 592 aruicimur
538 520 724 614 diligenter,
733 521 815 590 mihi
833 523 868 589 in
880 536 1024 590 mentem
1034 523 1126 590 venit
1136 523 1307 626 occidere

246 664 418 754 custodes,
455 663 633 758 villamque
658 664 812 761 expilare.
851 633 1035 735 Consilium
1063 667 1200 762 Ascylto
1231 665 1296 734 de·

247 807 369 877 claravi
388 802 567 903 :expilatio
591 806 732 902 placuit,
758 807 815 878 sed
833 809 959 902 absque
978 809 1140 904 sanguine
1157 811 1305 904 optabi-

247 950 312 1020 lem
327 953 452 1020 exitum
478 951 593 1020 dedit:
613 977 728 1023 omues
746 954 835 1022 enim
854 977 994 1022 noscens
1017 953 1138 1024 adium
1157 954 1302 1040 aditus,

234 1095 283 1195 ,in
295 1109 458 1162 recessum
471 1092 748 1188 supellectarium,
760 1117 859 1188 quem
871 1096 940 1189 ipse
954 1098 1125 1183 reseravit,
1139 1119 1201 1164 nos
1213 1121 1302 1164 con-

246 1237 359 1324 duxit3
371 1250 405 1306 et
418 1238 509 1330 q'uod
522 1235 697 1333 pretiosius
713 1253 798 1326 erat,
816 1236 1050 1325 subducimus,
1067 1237 1145 1308 dein
1158 1262 1302 1307 summo

247 1407 345 1450 mane
372 1379 579 1476 egredimur,
617 1397 650 1451 et
681 1385 752 1451 vias
781 1379 931 1476 publicas
963 1380 1192 1469 declinantes,
1220 1407 1300 1450 non

248 1527 453 1618 quievimus,
483 1525 590 1596 donec
615 1551 676 1595 nos
704 1551 836 1596 securos
862 1509 932 1594 esse
957 1525 1167 1595 credidimus.
1194 1529 1302 1594 Tunc

248 1669 417 1762 Ascyltos,
438 1638 577 1739 collecte
593 1672 732 1764 spiritu,
752 1672 982 1762 exaggeravit,
1002 1683 1128 1761 quauta
1140 1693 1218 1738 cum
1238 1668 1302 1737 las-

247 1814 321 1881 titia
337 1812 451 1882 villam
467 1813 634 1909 Lycurgi,
664 1813 810 1883 bominis
840 1813 1041 1903 avarissimi,
1067 1812 1298 1908 expilaverat:

248 1957 289 2026 de
306 1959 400 2051 cujus
417 1961 620 2053 parsimonia
637 1960 728 2052 juste
747 1957 1036 2052 conquerebatur:
1057 1957 1183 2029 nullam
1202 1961 1298 2028 euim

248 2103 431 2172 mercedem
451 2106 601 2172 noctium
619 2118 807 2197 acceperat,
826 2126 1006 2196 mensaque
1027 2107 1114 2174 sicca
1135 2121 1169 2174 et
1187 2105 1296 2190 sterili

248 2247 436 2314 victitaret:
452 2245 536 2314 adeo
554 2248 679 2340 quippe
697 2245 851 2315 sordidus
867 2261 939 2316 crat
949 2249 1143 2341 Lycurgus,
1161 2259 1220 2338 ut,
1239 2251 1296 2316 in·

247 2389 324 2456 vitis
343 2388 462 2482 opibus
479 2389 665 2476 immensis,
686 2391 785 2458 etiam
809 2413 882 2483 quae
902 2406 980 2459 sunt
1000 2393 1076 2460 vitae
1091 2395 1293 2480 necessaria,

248 2532 310 2600 sibi
325 2531 528 2630 denegaret]

344 2907 404 2960 Nec
423 2905 497 2959 bibit
513 2905 588 2960 inter
604 2923 706 2978 aquas,
721 2923 774 2960 nec
786 2921 872 2978 poma
889 2905 1013 2977 patentia
1029 2905 1120 2979 carpit

387 3030 522 3086 Tantalus
534 3029 650 3098 infelix,
667 3045 753 3104 quiem
771 3047 820 3084 sua
835 3039 902 3084 vota
922 3039 1066 3102 premunt.
1174 3053 1177 3059 ·

342 3150 446 3210 Divitis
463 3155 523 3210 haec
535 3156 632 3229 magui
646 3155 733 3212 facim
747 3153 819 3222 erit,
834 3155 930 3212 omnia
943 3157 1001 3212 tate

383 3282 443 3351 Qui
455 3290 549 3350 tenet,
562 3294 591 3338 et
604 3282 680 3337 sicco
694 3279 851 3354 concoquit
868 3297 920 3336 ore
935 3261 1048 3338 famem

245 3630 434 3726 [Neapolim
448 3633 564 3701 eodem
576 3631 630 3701 die
643 3634 768 3702 intrare
778 3632 907 3700 volebat
915 3629 1065 3723 Ascyltos
1074 3657 1081 3698 :
1091 3629 1211 3699 ae-Sed
1224 3632 1292 3712 im<

244 3767 425 3861 prudenter
444 3785 511 3858 est,
524 3771 682 3861 inquam,
703 3794 743 3837 eo
761 3791 822 3836 nos
841 3769 1005 3860 recipere,
1021 3765 1099 3853 ubi,
1120 3780 1286 3860 quantum

243 3907 406 3998 conjicere
421 3905 517 3994 licet,
546 3905 760 4000 perquirendi
779 3929 892 3974 sumus
916 3904 1093 3972 :absentes
1116 3927 1196 3997 ergo
1222 3929 1286 3998 pro

243 4057 390 4135 tempore
403 4044 673 4136 peregrinemur:
691 4041 867 4128 habemus,
886 4055 924 4110 ut
939 4041 1023 4110 benc
1040 4041 1143 4109 sit-
1155 4039 1285 4109 Placuit
