2817 4684
259 350 294 420 78
535 348 568 398 r.
590 345 772 400 ra'raoun
793 342 1016 398 sarrnrcou.

257 477 418 542 contiuuo
435 470 542 538 valere
558 471 715 561 jubemus
729 471 871 554 amicoS,
888 467 1069 560 eodemque
1088 465 1142 534 die
1158 438 1214 560 a-d.
1226 467 1308 557 ejus

217 626 220 631 ’
258 617 393 685 domum
403 617 621 709 pervenimus.
633 616 716 681 Tam
731 613 882 704 gnaviter
894 635 946 678 res
960 610 1308 704 disposuerat-Lycas,

258 779 295 831 ut
312 765 346 829 iu
365 763 481 830 itinere
501 758 681 827 secundum
694 782 747 825 me
766 755 1102 849 sederet,Tryphaena
1118 779 1198 822 vero
1216 755 1307 822 assi-

257 907 347 974 deret
367 905 499 990 Gitoni;
518 903 619 994 idque
644 917 781 995 propter
800 903 1004 970 notissimam
1027 902 1090 968 sibi
1105 901 1206 991 hujus
1225 925 1308 966 mu-

257 1049 344 1118 lieris
371 1049 627 1116 inconstantiam
647 1048 692 1114 ita
718 1060 903 1132 struxerat3
936 1071 997 1114 uec
1018 1045 1198 1138 deceptus:
1217 1047 1308 1113 arsit

257 1195 345 1261 enim
360 1191 415 1259 illa
434 1215 574 1283 puerum
594 1190 721 1273 statim,
740 1203 773 1254 et
789 1187 823 1254 id
845 1187 885 1254 de
904 1185 992 1255 facili
1014 1190 1173 1280 perspexi.
1193 1191 1307 1279 Lycas

259 1359 391 1426 quoque
420 1330 502 1400 illud
526 1330 608 1398 mihi
636 1343 790 1397 accurate
807 1331 953 1415 notavit,
970 1329 1132 1422 jussitque
1154 1327 1304 1396 credere.

260 1478 485 1567 Quamobrem
502 1477 678 1569 gratiosius
699 1473 792 1542 illum
804 1476 935 1567 accepi,
953 1488 989 1541 et
1007 1473 1129 1565 gaudio
1148 1474 1307 1566 perfusus

259 1623 346 1710 fnit;
367 1637 475 1690 certus
493 1620 632 1704 scilicet,
650 1645 689 1688 ex
706 1618 796 1686 illata
817 1619 899 1686 mihi
912 1644 933 1685 a
948 1643 1062 1686 sorore
1082 1620 1205 1711 injuria
1220 1642 1305 1685 con-

259 1782 397 1836 temtum
423 1767 628 1833 nasciturum
653 1791 660 1831 :
688 1789 755 1856 quo
771 1763 875 1850 facto,
895 1763 1089 1856 Tryphaena
1106 1787 1304 1847 succensus,

259 1939 334 1980 eum
351 1911 507 1980 libentius
535 1911 728 2003 acciperem.
754 1911 808 1976 Sic
827 1933 878 1976 res
897 1933 930 1976 se
952 1908 1095 1976 habebat
1112 1910 1146 1974 in
1172 1906 1302 1976 aedibus

257 2061 353 2149 Lycas
367 2083 374 2123 :
390 2056 575 2148 Tryphaena
589 2057 748 2122 Gitonem
764 2078 878 2121 amore
889 2022 1078 2147 deperibat,
1090 2056 1171 2124 Gito
1185 2055 1216 2120 ei
1232 2077 1300 2120 ser·

257 2207 367 2274 viebat
393 2220 464 2273 toto
487 2221 636 2298 pectore,
657 2219 689 2271 et
718 2219 897 2295 utrumque
925 2201 1030 2272 oculis
1054 2205 1134 2271 meis
1161 2206 1300 2270 minime

257 2368 389 2445 gratum
417 2368 506 2439 erat,
525 2352 605 2419 dum
622 2355 744 2444 Lycas,
761 2351 843 2418 mihi
866 2350 995 2452 placere
1011 2351 1171 2444 cupiduS,
1192 2353 1303 2442 quoti·

258 2502 311 2570 die
326 2527 413 2568 nova
426 2501 633 2594 excogitabat
648 2500 909 2589 oblectamenta;
926 2526 1000 2594 quae
1013 2503 1131 2586 Doris,
1151 2504 1222 2595 ejus
1233 2501 1302 2570 for-

258 2675 350 2718 mosa
370 2676 464 2736 uxor,
483 2653 632 2718 certatim
650 2651 813 2743 augebat;
831 2666 864 2718 et
882 2665 949 2717 tam
966 2653 1148 2738 concione,
1169 2666 1206 2718 ut
1219 2655 1302 2745 Try·

257 2799 409 2893 phaenam
429 2825 447 2867 e
467 2798 567 2866 corde
583 2823 657 2868 meo
680 2802 791 2867 statim
809 2798 979 2893 expulerit.
1005 2800 1189 2869 Oculorum
1206 2803 1300 2868 nictu

1396 468 1399 521 l

258 2975 349 3017 meus
371 2951 518 3016 innotuit
546 2974 641 3017 amor
663 2947 798 3031 Doridi,
825 2963 858 3016 at
883 2948 966 3014 mihi
986 2948 1107 3017 blanda
1125 2948 1300 3017 oculorum
1397 3024 1398 3027 Ἴ

258 3097 448 3192 petulantia¹
463 3099 562 3166 Doris
593 3100 729 3183 annuit,
755 3096 837 3165 adeo
858 3112 896 3164 ut
922 3097 993 3164 haec
1021 3101 1120 3166 tacita
1149 3096 1299 3192 loquela,
1396 3174 1399 3190 ¹

256 3247 404 3338 linguam
424 3246 636 3333 antecedens,
655 3271 756 3340 quam
772 3247 961 3314 animorum
978 3249 1233 3340 propensionem
1251 3273 1300 3315 eo

256 3396 331 3463 dem
349 3409 518 3463 momento
535 3418 758 3480 senseramus,
777 3394 892 3462 furtim
906 3398 1111 3488 expresserit.
1131 3396 1298 3490 Zelotypia
1397 3394 1399 3467 ζ

152 3611 153 3614 ,
257 3549 373 3638 Lyca,
391 3547 459 3638 jam
478 3543 560 3612 mihi
587 3558 683 3630 nota,
710 3569 808 3612 causa
828 3559 900 3612 erat
917 3545 1054 3633 silentii,
1072 3560 1105 3612 et
1121 3569 1214 3612 amor
1224 3547 1297 3639 ¹ipsc
1397 3538 1398 3595 l

256 3695 404 3760 animum
423 3693 533 3760 mariti
553 3717 630 3784 erga
649 3717 702 3760 me
720 3692 918 3787 patefecerat
937 3695 1042 3761 uxori.
1070 3695 1139 3762 Ubi
1154 3697 1296 3789 primum
1397 3680 1399 3759 ᾗ

256 3842 353 3909 nobis
382 3840 477 3908 licuit
500 3839 659 3934 colloqui,
678 3841 770 3935 quod
796 3841 1077 3934 deprehenderat,
1108 3843 1239 3931 retulit,
1265 3862 1296 3914 et

256 3989 396 4059 candide
416 3991 519 4058 fassus
538 4017 627 4078 sum,
648 3993 863 4084 narravique,
891 4018 955 4084 qua
973 3995 1146 4062 severitate
1172 4019 1297 4087 semper
1397 4037 1399 4049 ·
