2817 4684
262 417 318 453 200
542 402 575 456 T.
597 403 778 459 PETRONII
800 406 1018 464 sartatecta.

591 1238 595 1246 ’
641 1256 806 1323 carus
841 1256 931 1323 nm.
1026 1342 1027 1347 Ν

199 1546 205 1559 ‚
314 1476 428 1561 Quum
455 1476 597 1542 maxime
622 1475 696 1543 haec'
715 1466 846 1543 dicchte
870 1475 971 1562 Gaio,
997 1500 1080 1567 puer
1098 1476 1132 1542 in
1153 1498 1229 1542 eum
1252 1475 1313 1542 de-

266 1617 376 1710 lapsus
396 1632 464 1715 est,
480 1616 711 1689 Conclamavit
737 1616 883 1704 familia,
910 1644 974 1707 ‘nec
998 1620 1108 1689 minus
1128 1620 1312 1700 convivae,
1394 1684 1395 1703 ,

266 1783 334 1827 non
361 1775 497 1854 propter
515 1758 684 1832 hominem
703 1775 771 1828 tam
796 1760 970 1853 putidum,
996 1762 1090 1854 cujus
1111 1762 1211 1830 etiam
1236 1786 1312 1829 cer·

264 1904 353 1971 vices
383 1902 521 1971 fractas·
539 1902 679 1972 libenter
711 1902 894 1989 vidissent,
928 1904 984 1971 sed
1015 1918 1151 1998 propter
1181 1901 1312 1971 malum

265 2048 390 2115 exitum
411 2071 529 2135 coenae,
555 2072 597 2118 ne
617 2072 748 2116 necesse
771 2047 949 2132 haberent,
971 2047 1115 2116 alienum
1134 2062 1311 2116 mortuum
1394 2022 1395 2095 }

233 2162 238 2169 ι
260 2190 407 2284 plorare.
423 2194 498 2285 Ipse
510 2188 712 2261 Trimalchio
728 2215 832 2284 quum
850 2192 994 2284 graviter
1011 2193 1239 2284 ingemuisset,
1257 2216 1312 2261 su·
1394 2242 1395 2265 2

268 2358 391 2427 perque
409 2335 585 2402 brachium
601 2349 760 2427 tanquam
787 2334 901 2403 laesum
922 2335 1143 2421 incubuisset,
1164 2358 1311 2403 concur·

268 2498 340 2542 rere
356 2474 491 2563 medici,
505 2488 538 2543 et
554 2476 641 2579 inter
656 2478 781 2568 primos
799 2480 1001 2563 Fortunata,
1019 2476 1167 2543 crinibus
1180 2475 1310 2569 passis,
1394 2470 1395 2477 ἵ

268 2619 495 2712 cum'scypho,
509 2621 727 2713 miseramque
737 2646 771 2689 se
788 2635 887 2713 atque
897 2620 1061 2689 infelicem
1076 2619 1308 2712 proclamavit.

267 2762 354 2831 Nam
369 2786 451 2856 puer
459 2761 611 2856 quidem,
630 2762 688 2855 qui
698 2762 877 2852 ceciderat,
896 2764 1092 2832 circumibat
1098 2764 1167 2857 jam
1179 2762 1310 2831 dudum

260 2904 366 2998 >pedes
376 2920 528 2993 nostros,
547 2921 581 2975 et
595 2908 785 2975 missionem
802 2908 950 2999 rogabat.
969 2908 1111 2976 Pessime
1120 2906 1203 2975 mihi
1216 2922 1308 2993 erat,

268 3073 311 3117 ne
326 3049 379 3119 his
398 3050 551 3142 precibus
570 3050 777 3145 perridiculae
796 3049 922 3142 aliquid
946 3050 1162 3144 catastrophae
1185 3076 1311 3143 qurere-

268 3207 369 3261 retur.
387 3194 457 3263 Nec
480 3195 569 3263 enim
591 3192 701 3261 adhuc
722 3193 886 3262 exciderat
901 3218 1000 3263 cocus
1019 3193 1089 3283 ille,
1107 3196 1165 3287 qui
1184 3194 1309 3264 oblitus

258 3336 375 3405 ¹⁴fuerat
399 3313 540 3430 porcum
558 3352 757 3410 exenterare.
781 3343 899 3431 Itaque
926 3354 1033 3410 totum
1055 3340 1309 3432 circumspicere
1394 3414 1395 3417 Ἴ

267 3479 447 3547 triclinium
458 3482 570 3573 coepi,
589 3504 631 3547 ne
646 3506 706 3575 per
719 3483 876 3575 parietem
891 3496 1082 3549 automaton
1093 3480 1229 3574 aliquod
1241 3485 1310 3549 exi-

268 3638 335 3710 ret;
353 3625 486 3721 utique,
505 3641 679 3719 postquam
697 3650 810 3693 servus
826 3625 996 3693 verberari
1012 3596 1128 3719 coepit,
1148 3624 1306 3719 qui'bra-

266 3768 382 3843 chium
390 3768 516 3838 domini
532 3783 707 3836 contusum
719 3767 793 3836 alba
811 3770 942 3864 potius,
963 3794 1064 3861 quam
1083 3768 1308 3863 conchyliata,

268 3911 452 3981 involverat
470 3911 555 3981 lana.
580 3915 661 3990 Nec,
676 3912 776 4005 longe
794 3912 960 3981 aberravit
986 3915 1128 4006 suspicio
1152 3940 1241 4003 mea,
1269 3918 1304 3983 in

259 4057 371 4123 ricem
392 4058 481 4123 enim
502 4081 608 4150 poenae
629 4058 722 4124 venit
745 4056 912 4125 decretum
937 4056 1213 4149 Trimalchionis,
1236 4086 1306 4151 quo
1394 4050 1395 4053 Ἴ
